3358 5132
757 411 977 474 ,92-

370 568 432 634 Sed
456 592 530 635 cum
553 569 752 635 Democedes
780 569 812 633 in
843 570 985 654 patriam
1013 591 1161 634 reversus
1185 568 1318 634 Milonis
1342 570 1457 637 Croto·

278 676 402 741 niensis
427 677 568 741 athletae
592 675 803 760 nobilissimi,
827 675 882 760 qui
905 675 975 760 ipse
999 675 1207 761 Pythagorae
1230 697 1330 762 gener
1352 677 1456 743 fuisse

279 782 398 848 dicitur
426 783 555 870 (lambl.
579 781 674 868 287),
701 781 803 847 filiam
832 783 867 847 in
895 781 1140 847 matrimonium
1168 783 1297 847 duxerit
1320 781 1454 869 (Herod.

279 889 330 954 III
347 889 435 975 131),
449 889 604 954 Milonem
620 893 730 954 autem
744 889 989 975 Pythagoreum
1003 889 1104 954 fuisse
1119 889 1320 954 lamblichus
1337 892 1457 977 tradat,

280 1019 418 1081 cumque
438 997 524 1061 idem
539 997 680 1081 scriptor
696 997 907 1080 Apollonium
927 1000 1055 1061 secutus
1072 994 1128 1082 (cf.
1142 993 1223 1083 254)
1238 995 1456 1062 Democedem

279 1103 497 1190 Pythagoreis
521 1126 541 1168 a
564 1103 686 1187 Cylone
709 1104 835 1168 vexatis
858 1103 1038 1188 praefuisse
1064 1103 1175 1187 itaque
1199 1108 1340 1168 mortem
1363 1127 1455 1171 occu·

279 1211 390 1275 buisse
409 1215 520 1274 narret
540 1209 628 1296 (pag.
643 1207 844 1297 257-261),
864 1210 1040 1274 Krischeus
1060 1213 1138 1274 tunc
1157 1215 1245 1275 certe
1263 1234 1330 1276 non
1349 1213 1455 1278 solum

277 1317 386 1401 ipsum
409 1317 638 1403 Democedem,
662 1317 718 1382 sed
743 1317 842 1381 etiam
866 1339 979 1382 omnes
1003 1317 1146 1382 medicos
1170 1314 1400 1385 Crotonienses
1425 1320 1467 1385 ei

279 1424 430 1508 aequales
459 1425 500 1489 ad
521 1423 804 1510 Pythagoreorum
829 1424 1019 1489 societatem
1047 1424 1222 1489 accessisse
1247 1426 1457 1515 contendit.¹)

282 1528 344 1594 Sed
363 1535 401 1594 ut
415 1531 582 1615 Apollonii
601 1530 775 1596 historiam
794 1553 990 1596 veramesse
1010 1531 1223 1597 concedamus
1243 1530 1456 1619 (quamquam

280 1642 403 1721 quanta
417 1637 652 1721 sit-Tyanensis
666 1638 745 1701 fides
762 1637 834 1721 quis
848 1637 999 1724 nescit‘l),
1014 1643 1124 1704 movet
1136 1640 1354 1723 suspicionem
1369 1644 1455 1726 quod

278 1765 382 1828 neque
397 1743 583 1808 Herodotus
600 1741 680 1830 (1.1.)
695 1765 799 1827 neque
818 1743 1002 1809 Athenaeus
1019 1743 1099 1831 (530
1113 1744 1156 1832 B)
1178 1768 1283 1830 nequo
1299 1747 1455 1814 Aelianus

250 1859 252 1866 ’
276 1848 320 1934 (v.
331 1850 408 1915 hist.
420 1849 502 1914 VlII
514 1849 569 1933 17)
583 1873 688 1934 neque
702 1850 763 1915 Dio
775 1848 907 1916 Cassius
919 1849 1118 1942 (XXXVIII,
1131 1850 1186 1939 18)
1201 1875 1305 1936 neque
1316 1853 1455 1921 Photius

281 1956 374 2043 (bibl.
394 1958 459 2022 376
480 1981 498 2022 a
518 1955 574 2044 34)
599 1979 703 2041 neque
722 1955 838 2022 Suidas
858 1955 954 2044 (av.)
973 1958 1218 2044 Pythagoreum
1238 1957 1454 2026 Democedem

276 2062 457 2128 nominant.
503 2061 554 2130 Ne
577 2063 778 2130 lamblichus
803 2065 932 2148 quidem
958 2066 1038 2129 satis
1063 2065 1127 2130 sibi
1151 2069 1295 2149 constat,
1324 2089 1397 2131 cum
1421 2068 1455 2133 in

249 2249 251 2252 Ι
278 2171 504 2235 enumerandis
538 2169 807 2236 Crotoniensibus
841 2169 1047 2258 Pythagorae
1080 2172 1213 2238 asseclis
1251 2170 1343 2260 (pag.
1374 2172 1455 2261 267)

278 2277 493 2342 Democedem
512 2300 580 2341 non
599 2282 840 2343 commemoret.
872 2277 1043 2344 Praeterea
1061 2279 1148 2344 haud
1168 2280 1236 2344 scio
1255 2302 1298 2344 an
1316 2281 1349 2345 id
1369 2282 1455 2366 quod

278 2384 316 2448 de
340 2383 521 2449 Democede
546 2383 721 2449 Krischeus
750 2385 931 2471 contendit,
959 2387 994 2450 in
1021 2390 1146 2451 ceteros
1175 2387 1317 2452 medicos
1341 2386 1455 2454 Croto-

279 2490 408 2556 nienses
427 2513 494 2556 non
512 2492 628 2556 valeat.
665 2490 813 2577 Denique
835 2493 1064 2558 Alcmaeonem
1087 2498 1176 2558 certe
1200 2516 1219 2557 a
1237 2493 1456 2580 Pythagoreis

278 2599 528 2685 diligentissime
553 2602 790 2685 segregandum
815 2623 885 2665 esse
909 2601 1003 2666 docet
1026 2600 1233 2666 Aristoteles.

368 2705 484 2791 Itaque
502 2703 766 2772 'Crotoniensem
799 2707 998 2772 medicorum
1031 2713 1154 2772 sectam
1187 2731 1206 2772 a
1236 2708 1455 2795 Pythagoreis

278 2812 507 2880 secernendam
531 2835 601 2878 esse
624 2813 822 2906 putaverim,
850 2814 897 2878 ita
920 2818 1040 2898 tamen,
1063 2819 1101 2878 ut
1125 2838 1192 2880 non
1215 2816 1321 2880 solum
1346 2821 1454 2882 artam

278 2919 458 2985 amicitiam
487 2916 594 3007 (cuius
618 2907 826 2986 Alcmaeonis
851 2943 978 3004 quoque
1002 2921 1086 2986 liber
1109 2927 1356 2988 monumentum
1380 2921 1455 3010 est),

275 3026 295 3090 i.
322 3049 349 3090 e.
378 3026 545 3093 doctrinae
575 3031 609 3092 et
638 3028 882 3093 consuetudinis
912 3030 1156 3113 commercium,
1184 3029 1270 3094 inter
1296 3029 1470 3116 utrosque'

275 3133 511 3219 intercessisse,
543 3135 598 3221 sed
627 3136 727 3200 etiam
754 3135 925 3220 utriusque
954 3140 1060 3200 sectae
1089 3137 1221 3201 asseclis
1250 3136 1289 3200 ad
1318 3137 1454 3202 alterius

276 3241 468 3306 societatem
492 3243 642 3307 accedere
662 3242 790 3308 licitum
811 3265 880 3307 csse
900 3243 1076 3308 credamus,
1115 3243 1208 3320 Quod
1227 3243 1455 3329 Pythagoreos

276 3346 437 3430 imprimis
461 3347 575 3413 fecisse
599 3349 672 3432 ipsa
695 3372 728 3412 re
752 3349 820 3414 veri
845 3353 895 3414 est
919 3350 1131 3414 simillimum.
1173 3348 1259 3414 Nam
1283 3353 1316 3415 et
1339 3349 1455 3416 Croto-

275 3453 420 3518 niensem
453 3454 493 3517 ad
525 3454 670 3519 scholam
704 3457 809 3522 multo
843 3460 929 3521 certe
962 3457 1143 3540 expeditior
1176 3457 1311 3540 patebat
1343 3457 1453 3522 aditus

276 3582 374 3644 quam
398 3560 438 3624 ad
461 3560 607 3644 ipsorum
631 3563 836 3627 societatem·
851 3563 979 3647 legibus
1008 3562 1223 3628 severissimis
1251 3562 1456 3649 adstrictam,

275 3689 379 3750 neque
407 3667 513 3732 solum
542 3692 606 3753 qua
629 3669 752 3734 fuerint
779 3674 1011 3757 πουλυμαθίῃ,
1040 3671 1096 3735 sed
1125 3670 1224 3735 etiam
1252 3673 1453 3755 quantopere

276 3774 453 3839 medicinae
483 3774 644 3859 imprimis
673 3776 814 3841 faverint
841 3799 937 3841 nemo
965 3777 1083 3864 nescit,
1112 3777 1203 3842 cuius
1231 3781 1342 3841 tamen
1370 3779 1454 3844 artis

276 3905 346 3946 eam
380 3884 509 3946 tantum
541 3887 667 3966 partem
701 3884 881 3949 excoluisse
915 3884 1080 3970 dicuntur,
1119 3907 1199 3968 quae
1233 3883 1373 3948 maxime
1410 3885 1453 3949 ab

275 3989 465 4064 hominibus
489 3989 570 4054 artis
594 3990 755 4075 imperitis
780 3991 914 4056 tractari
939 3991 1056 4069 soleat,
1084 3991 1257 4056 saviatus
1283 3990 1455 4056 rationem.

277 4095 400 4160 Verum
423 4117 463 4159 ne
486 4095 571 4160 hanc
595 4096 724 4180 quidem
748 4097 1003 4182 aPythagoreis
1023 4097 1200 4164 Crotonem
1223 4098 1359 4163 allatam
1381 4119 1455 4164 esse

318 4399 321 4404 ,
367 4364 396 4433 1)
408 4362 543 4432 Iosephus
558 4378 600 4417 ca.
612 4362 750 4432 Apionem
765 4361 777 4414 I
793 4366 844 4416 164
856 4364 928 4433 (pag.
941 4369 984 4433 30,
995 4370 1029 4418 25
1040 4362 1136 4434 Nisae)
1147 4363 1233 4419 etiam
1245 4362 1455 4434 Calliphontem

276 4449 468 4506 Crotoniatam
488 4449 663 4521 Πυθαγόρου
683 4452 888 4521 συνουσιαστὴν
907 4451 992 4508 fuisse
1011 4455 1114 4508 narrat.
1153 4452 1207 4507 Sed
1226 4456 1340 4509 auctore
1364 4452 1455 4508 utitur

279 4539 441 4610 Hermippo,
460 4557 515 4609 quo
534 4541 569 4596 de
589 4541 657 4595 satis
676 4541 767 4597 habeo
785 4543 821 4596 ad
840 4542 909 4597 Dox.
924 4541 1008 4603 Prcll,
1023 4562 1049 4613 p.
1066 4548 1117 4597 150
1136 4546 1165 4597 te
1184 4539 1323 4610 delegare.
