3358 5132
700 345 920 418 -83-

223 513 402 602 quidquam
415 513 563 601 impedit,
578 515 751 599 quominus
766 513 968 580 sententioso
984 512 1124 599 quodam
1138 509 1264 577 dicendi
1280 529 1397 597 genere

221 621 455 689 Alcmaeonem
478 645 574 687 usum
593 644 662 688 esse
685 625 848 707 putemus,
871 625 909 686 ut
928 622 1020 687 decet
1042 618 1208 686 hominem
1230 618 1297 682 illis
1321 618 1397 683 scri-

222 731 355 796 bentem
378 730 593 815 temporibus,
616 729 735 813 quibus
755 750 911 814 proversa
930 725 1034 792 oratio
1053 726 1144 791 brevi
1167 729 1242 791 ente
1265 747 1283 789 e
1306 723 1398 808 poesi

220 841 298 901 nata
326 837 463 923 originis
490 835 624 900 tenebat
651 836 793 921 vestigia
819 835 1006 917 manifesta,
1034 832 1226 918 praesertim
1256 852 1329 896 cum
1357 831 1397 894 ad

221 943 447 1028 Pythagoreos
462 942 518 1006 illa
533 942 605 1026 ipsa
619 964 653 1006 re
668 941 861 1006 excellentes
876 941 1023 1025 proxime
1042 939 1098 1004 ille
1113 939 1253 1004 accedat.
1282 937 1397 1021 Itaque

221 1050 340 1115 dixerit
359 1049 432 1136 quis
450 1049 531 1114 haec
550 1049 649 1114 verba
668 1049 923 1134 comparationis
942 1046 1010 1113 ritu
1029 1069 1103 1112 cum
1123 1046 1253 1129 dixisse,
1277 1044 1397 1128 quippe

221 1157 340 1241 quibus
364 1179 383 1220 a
405 1156 632 1240 voluptatibus
650 1155 800 1221 homines
820 1158 966 1220 avertere
989 1155 1136 1218 studeret
1158 1151 1307 1218 dulcibus
1330 1150 1397 1214 illis

222 1263 361 1348 quidem,
386 1264 441 1328 sed
462 1263 608 1348 corporis
627 1266 763 1328 naturae
782 1261 864 1346 ipsis
883 1261 930 1326 eis
950 1262 1047 1326 rebus
1073 1282 1154 1346 quae
1174 1262 1285 1342 aperte
1306 1278 1399 1321 noce-

222 1375 295 1434 rent
327 1391 471 1454 quasque
500 1391 612 1435 cavere
645 1367 839 1434 facillimum
871 1372 959 1432 esset
991 1368 1093 1432 multo
1126 1361 1396 1450 offensioribns.¹)

221 1475 346 1542 Vereor
367 1479 487 1562 tamen,
510 1499 552 1542 ne
574 1476 657 1540 talia
680 1474 857 1540 remotiore
880 1473 1013 1559 fuerint,
1035 1472 1229 1558 praesertim
1254 1471 1288 1535 in
1312 1471 1397 1535 libro

221 1587 290 1648 tam
307 1604 484 1668 paucorum
505 1583 675 1649 hominum
697 1587 795 1667 atque
814 1581 849 1646 in
868 1581 985 1647 ceteris
1004 1580 1101 1646 rebus
1120 1579 1162 1644 ab
1182 1577 1298 1643 ethicis
1317 1578 1397 1643 adeo

222 1689 445 1774 discrepantis,
464 1712 562 1774 quam
578 1711 717 1774 quorum
732 1688 924 1753 memoriam
939 1688 1116 1772 scriptores
1131 1686 1256 1752 ethicos
1272 1705 1399 1748 summa

222 1817 239 1860 e
258 1795 422 1860 vetustate
441 1796 563 1860 eruisse
583 1793 737 1859 credibile
753 1793 806 1860 sit.
842 1793 958 1877 ltaque
978 1816 994 1858 e
1014 1793 1183 1878 tragoedia
1201 1792 1342 1877 quadam
1359 1791 1398 1855 de

223 1901 418 1966 Alcmaeone
437 1900 629 1986 Amphiarai
648 1900 717 1965 filio
739 1899 922 1984 composita
940 1900 1002 1965 hoc
1021 1900 1163 1983 fluxisse,
1187 1897 1398 1965 Crotoniatae

222 2011 332 2074 autem
346 2029 464 2072 nomen
482 2007 565 2072 falso
580 2006 780 2074 Clementem
798 2005 1025 2090 praeposuisse
1044 2011 1082 2070 ut
1097 2004 1239 2070 Sandero
1255 2006 1303 2069 ita
1317 2004 1398 2069 mihi

222 2114 290 2180 veri
314 2115 419 2179 simile
443 2114 578 2180 videtur.

622 2429 815 2504 Tertia
851 2447 997 2523 pars.

767 2587 856 2594 ——-

304 2681 393 2760 duae
415 2681 506 2751 ratio
529 2679 720 2750 intercedat
743 2681 836 2751 inter
861 2679 1095 2749 Alcmaeonem
1119 2679 1318 2766 ceterosque

470 2796 672 2867 Graecorum
694 2795 842 2867 medicos
868 2797 902 2866 et
925 2793 1154 2885 philosophos.

311 2949 500 3016 Proximum
524 2956 587 3036 est,
615 2955 652 3016 ut
676 2973 774 3035 quam
798 2950 1069 3034 philosophorum
1097 2952 1220 3014 sectam
1243 2947 1399 3012 Alcmaeo

225 3062 357 3123 secutus
376 3057 420 3124 sit
439 3079 640 3143 quaeramus.
678 3056 749 3132 Qua
767 3057 801 3121 in
820 3079 855 3121 re
874 3057 951 3122 licet
968 3055 1133 3141 proficisci
1153 3056 1193 3118 ab
1208 3053 1398 3118 Aristotelis

223 3164 424 3251 coniectura,
452 3165 508 3249 qui
536 3165 576 3230 ad
600 3164 715 3251 fragm.
735 3163 814 3228 XXI
837 3168 895 3229 aut
918 3165 1026 3248 ipsum
1056 3185 1075 3226 a
1098 3160 1316 3246 Pythagoreis
1343 3162 1400 3223 aut

221 3270 447 3357 Pythagoreos
476 3272 517 3336 ab
545 3271 604 3337 illo
633 3293 692 3337 sua
720 3271 883 3357 accepisse
911 3273 1058 3335 annotat.
1103 3268 1213 3352 Atque
1242 3288 1301 3332 suo
1329 3265 1399 3330 iure

222 3377 435 3444 Aristotelem
469 3380 662 3446 contendere
701 3378 939 3444 necessitudine
977 3377 1115 3463 quadam
1154 3375 1270 3459 quovis
1303 3374 1399 3439 modo

223 3485 351 3551 iunctos
375 3508 431 3551 eos
455 3508 541 3573 esse,
568 3486 655 3552 haud
683 3507 802 3569 parvae
827 3486 945 3551 docent
972 3482 1213 3548 similitudines.
1260 3480 1401 3547 Consen-

222 3591 310 3656 tiunt
338 3593 376 3656 de
404 3591 553 3659 doctrina
581 3593 835 3676 contrariorum,
868 3612 951 3677 quae
978 3592 1107 3656 infinita
1135 3612 1205 3655 esse
1237 3589 1272 3653 hi
1302 3587 1400 3673 primi

222 3698 394 3763 voluerunt
422 3721 570 3784 quaeque
599 3699 633 3763 in
656 3698 808 3764 binorum
833 3698 1072 3764 contrariorum
1096 3696 1242 3761 ordinem
1271 3693 1400 3777 utrique

222 3805 425 3890 redegerunt.
471 3804 561 3881 Quae
591 3807 768 3889 contraria,
799 3827 872 3870 cum
895 3805 930 3870 in
954 3803 1146 3889 corporibus
1172 3802 1238 3867 sint
1266 3801 1400 3883 inclusa,

220 3933 261 3976 ne
289 3934 359 3976 sese
390 3913 585 4000 impugnent
618 3917 749 3979 cautum
779 3917 829 3978 est
861 3912 1036 3996 isonomia,
1070 3931 1209 3995 quacum
1236 3907 1402 3993 Pythago·

222 4039 351 4083 reorum
378 4018 584 4084 harmoniam
617 4019 764 4085 conferre
795 4041 861 4083 non
889 4016 1065 4083 dubitabis.
1112 4013 1175 4081 Sed
1203 4035 1400 4100 quamquam

222 4124 373 4190 concordi
397 4148 477 4209 pace
500 4126 587 4192 hunc
611 4125 647 4191 in
669 4127 800 4190 modum
824 4125 928 4211 ligata
953 4129 1038 4208 sunt,
1063 4127 1174 4187 tamen
1192 4123 1263 4186 ficri
1282 4125 1410 4206 potest„

312 4301 338 4369 1)
357 4299 494 4356 Similiter
508 4301 696 4372 Pythagoram
713 4299 895 4356 disserentem
910 4297 981 4354 facit
995 4295 1167 4368 Porphyrius
1181 4316 1206 4353 v.
1222 4297 1343 4367 Pythag.
1353 4299 1400 4350 39:

223 4385 275 4457 τὴν
288 4386 340 4458 μὲν
354 4389 454 4460 γαστρὶ
468 4389 518 4444 ναὶ
531 4390 710 4460 ἀφροδισίοις
722 4387 772 4445 διὰ
785 4390 964 4450 πολυτελείας
978 4382 1185 4458 κεχαρισμένην
1197 4386 1267 4456 (scil,
1282 4382 1402 4456 ἡδονὴν)

220 4477 354 4544 ἀπείκαζε
374 4484 436 4542 ταῖς
453 4479 644 4549 ἀνδροφόνοις
661 4487 716 4534 τῶν
735 4475 882 4548 Σειρήνων
901 4474 997 4552 ᾠδαῖς.

1149 4565 1186 4620 6*
