3358 5132
706 375 927 438 ,ηρ-

231 535 436 602 simillimum
460 557 530 600 ease
554 535 609 599 illo
633 538 729 618 putat
749 534 910 600 Problem.
930 532 985 598 12
1005 553 1079 619 pag.
1099 533 1163 599 859
1188 557 1208 599 a
1226 537 1262 600 4:
1286 534 1354 600 Διδι
1376 538 1413 600 τί

229 642 286 719 τάς
312 643 435 718 νόσους
461 640 633 725 ὑγιάζουσι
660 641 831 719 πολλάκις;
868 639 979 724 ...At
1007 639 1059 704 ὅτι
1086 639 1220 705 ἐναντία
1254 639 1409 724 ἀλλήλοις

229 749 268 814 τδ
291 751 352 832 τὴν
374 751 479 814 νόσον
501 757 671 815 ποιοῦντα.
716 745 767 835 (9)
791 749 859 812 Διὰ
886 750 921 812 τί
945 748 982 812 αἰ
1009 759 1076 812 τῶν
1104 746 1200 829 ὡρῶν
1229 745 1408 832 μεταβολαὶ

229 853 284 920 καί
306 855 477 939 πνεύματα
500 854 721 921 ἐπιτείνουσιν
744 853 765 938 ἢ
788 856 932 921 παύουσι
955 851 1011 920 καί
1033 857 1186 939 κρίνουσι
1209 853 1267 931 τάς
1287 857 1409 931 νόσους

229 960 285 1027 καί
302 971 454 1040 ποιοῦσα
480 962 500 1046 ἢ
520 963 570 1027 ὅτι
588 959 714 1047 θερμαὶ
736 959 792 1028 καί
810 963 939 1046 ψυχραί
955 963 1018 1026 εἰσι
1037 959 1092 1026 καὶ
1110 957 1210 1046 ὑγραὶ
1229 958 1284 1025 καὶ
1302 959 1410 1045 ξηραί,

229 1070 267 1135 αἰ
286 1065 324 1134 δέ
346 1072 442 1136 νόσοι
465 1069 593 1135 τούτων
624 1067 711 1135 εἰσὶν
738 1068 935 1154 ὑπερβολαί,
961 1069 982 1152 ὑ
1006 1065 1043 1134 δὲ
1066 1067 1162 1152 ὑγεία
1185 1069 1305 1152 ἰσότης.
1352 1065 1410 1132 έάν

229 1171 292 1242 οὖν
320 1174 365 1240 δι’
399 1175 564 1262 ὑγρότητα
596 1174 652 1242 καί
683 1175 800 1258 ψῦξιν,
830 1175 852 1258 ἡ
883 1173 1017 1241 ἐναντία
1045 1175 1115 1260 ὥρα
1141 1176 1252 1240 παύει·
1285 1173 1343 1240 έδν
1372 1169 1409 1238 δὲ

231 1281 364 1348 έναντία
387 1283 458 1367 ὥρα
481 1285 610 1368 ἔχηται,
637 1283 657 1364 ἡ
681 1283 778 1366 ὁμοία
801 1290 917 1366 κρᾶσις
940 1279 1155 1366 ἐπιγενομένη
1186 1279 1328 1347 ἐπέτεινε
1354 1277 1409 1345 καί

230 1388 369 1456 ἀνεῖλεν.
415 1387 517 1455 Vides
544 1389 592 1454 nil
619 1389 674 1454 hio
696 1389 837 1454 inveniri
865 1388 951 1473 quod
979 1389 1020 1453 ad
1042 1387 1275 1454 Alcmaeonem
1302 1409 1408 1453 recur-

231 1496 314 1561 risse
331 1494 548 1562 Aristotelem
571 1497 697 1581 prodat.
739 1495 847 1561 Immo
870 1495 906 1559 in
925 1499 1081 1579 quattuor
1099 1496 1269 1560 elementia
1292 1493 1409 1560 doctri·

230 1624 305 1669 nam
326 1624 420 1668 suam
437 1603 501 1668 niti
519 1604 589 1688 ipse
608 1603 718 1688 prodit
736 1603 775 1667 da
789 1607 874 1689 part.
890 1603 986 1667 anim.
1002 1603 1067 1668 646
1082 1624 1102 1667 a
1118 1604 1159 1668 12
1179 1602 1252 1668 ooll.
1268 1601 1333 1667 648
1346 1600 1409 1666 b4.

111 1791 114 1800 ,
234 1746 275 1756 —
295 1707 365 1776 Neo
383 1710 492 1775 varius
513 1707 749 1776 Stallbaumiuo
771 1711 812 1774 ad
833 1732 871 1775 ea
894 1730 977 1793 qnae
995 1708 1092 1776 Plato
1111 1710 1206 1776 docet
1224 1708 1306 1774 Tim.
1322 1708 1409 1774 82Α

235 1815 436 1880 simillimam
463 1838 534 1881 esse
558 1815 766 1882 Alcmaeonis
794 1817 976 1882 doctrinam
1005 1820 1151 1884 annotat.
1195 1815 1270 1900 Ipse
1299 1814 1409 1880 videas

234 1944 315 2007 qnae
338 1921 464 2006 profert
487 1922 595 1988 Plato:
622 1925 660 1989 τὸ
689 1919 726 1988 δὲ
753 1935 820 1989 τῶν
843 1926 955 1989 νόσων
983 1923 1066 1990 ὅθεν
1094 1923 1283 2002 ξυνίσταται
1306 1924 1409 2007 δῆλόν

230 2049 296 2094 που
318 2026 374 2094 καί
395 2033 503 2095 παντί.
540 2030 705 2114 τεττάρων
728 2030 791 2115 γάρ
815 2032 924 2094 όντων
946 2041 1066 2112 γενῶν,
1091 2027 1124 2107 ἐξ
1148 2023 1196 2094 ὧν
1216 2027 1408 2114 συμπέπηγε

230 2137 267 2200 τὸ
291 2145 399 2220 σῶμα,
426 2144 486 2219 γῆς
511 2137 616 2220 πυρὸς
642 2135 764 2213 ὑδατός
785 2159 820 2202 τε
847 2133 903 2202 καί
931 2134 1090 2222 άέρος[λ],
1117 2136 1244 2202 τούτων
1270 2136 1292 2219 ἡ
1320 2135 1408 2220 παρὰ

230 2242 335 2326 φύσιν
366 2241 540 2320 πλεονεξία
571 2240 626 2308 καὶ
658 2243 770 2308 ἔνδεια
801 2240 857 2308 καί
884 2253 942 2327 τῆς
969 2245 1078 2329 χώρας
1105 2241 1344 2328 μετάστασιςῌ]
1375 2242 1407 2319 ἐξ

231 2349 353 2424 οἰκείας
376 2345 425 2412 ἐπ’
449 2347 627 2433 ἀλλοτρίαν
649 2347 843 2433 γιγνομένη,
865 2352 971 2434 πυρός
990 2372 1025 2414 τε
1048 2345 1091 2414 αὑ
1115 2345 1256 2416 καὶτῶν
1275 2347 1409 2433 ἑτέρων,

232 2453 344 2537 ἐπειδὴ
367 2452 447 2540 γένη
470 2458 607 2520 πλείονα
631 2452 705 2532 ἑνὸς
728 2456 809 2520 ὄντα
831 2456 997 2540 τυγχάνει,
1020 2457 1057 2521 τὸ
1076 2458 1121 2540 μὴ
1139 2465 1310 2541 προσῆκον
1334 2455 1407 2520 ἕκα-

232 2580 312 2629 στον
340 2559 446 2649 ἑαυτῷ
475 2562 745 2647 προσλαμβάνειν
754 2562 792 2648 [ἰ]
820 2560 875 2628 καί
902 2557 1005 2628 πάνθ’
1031 2562 1093 2628 ὅσα
1120 2571 1257 2627 τοιαῦτα
1280 2563 1409 2638 στάσεις

230 2665 285 2734 καί
307 2671 431 2745 νόσους
452 2667 597 2756 παρέχει.

228 2828 232 2836 .
319 2774 423 2840 Porro
450 2775 658 2843 Alcmaeonis
691 2798 710 2841 ε
741 2777 827 2843 libro
860 2776 1033 2842 Platonem
1066 2798 1149 2861 quae
1178 2776 1214 2840 in
1244 2773 1408 2861 Sympoaii

232 2904 306 2968 pag.
327 2881 463 2948 18601)
482 2882 738 2968 Eryximaohum
762 2885 923 2950 medicum
942 2884 1129 2970 loquentem
1149 2883 1238 2967 facit,
1259 2883 1407 2948 hausisse

231 2989 377 3055 Zallerus
401 2990 528 3056 oonioit.
565 2989 676 3055 Verba
695 2995 772 3056 aunt
789 2992 883 3057 haee:
914 3042 1032 3056 ......
1045 2994 1114 3057 ἔστι
1134 2992 1197 3077 γὰρ
1217 2991 1345 3073 ἰατρικὴ
1364 2989 1408 3065 ὡς

231 3095 268 3162 έν
290 3099 458 3182 κεφαλαί·
482 3099 587 3162 εἰπεῖν
611 3096 769 3180 ἐπιστήμη
793 3107 859 3162 τῶν
882 3100 1112 3182 τοῦσώματος
1135 3098 1302 3183 ἐρωτικῶν
1324 3098 1406 3180 πρὸς

230 3206 425 3289 πλησμονὴν
452 3202 507 3269 καί
534 3203 692 3285 κένωσιν,
720 3202 775 3268 καὶ
802 3203 821 3268 ὁ
849 3204 1100 3288 διαγιγνώσκων
1128 3203 1165 3270 ἐν
1193 3205 1324 3280 τούτοις
1348 3203 1408 3266 τὸν

230 3314 333 3378 καλόν
355 3335 390 3376 τε
412 3309 468 3376 καὶ
491 3313 628 3397 αἰσχρὸν
652 3313 772 3395 ἔρωτα,
800 3307 899 3388 οὗτός
921 3311 1012 3378 ἐστιν
1036 3313 1055 3378 ὁ
1079 3310 1326 3397 ἰατρικώτατος,
1353 3305 1408 3373 καί

231 3417 250 3482 ὁ
270 3418 487 3502 μεταβάλλειν
509 3429 626 3501 ποιῶν,
649 3418 733 3482 ὥστε
756 3416 830 3483 άντί
853 3427 914 3482 τοῦ
933 3417 1047 3504 ἑτέρου
1071 3422 1194 3505 ἔρωτος
1215 3419 1276 3483 τὸν
1295 3415 1408 3500 ἕτερον

230 3529 389 3608 κτάσθαι,
415 3522 470 3591 καί
492 3516 544 3601 οἷς
566 3526 611 3608 μὴ
634 3525 763 3590 ἔνεστιν
786 3527 884 3610 ἔρως,
913 3526 967 3591 δεῖ
988 3521 1017 3591 δ’
1043 3525 1254 3611 ἐγγενέσθαι,
1279 3523 1409 3590 έπιστά-

230 3651 330 3713 μενος
349 3629 536 3715 ἐμποιῆσαι,
554 3628 610 3696 καὶ
629 3629 747 3696 ένόντα
766 3631 899 3716 ἐξελεῖν,
918 3633 1047 3715 ἀγαθὸς
1064 3633 1107 3699 διν
1125 3640 1176 3716 εἰη
1195 3631 1408 3714 δημιουργός.

232 3737 285 3801 δεῖ
305 3737 368 3820 γάρ
392 3739 434 3820 δὴ
456 3738 496 3802 τὰ
520 3739 658 3823 ἔχθιστα
682 3738 762 3803 ὄντα
789 3737 827 3803 έν
849 3749 894 3825 τῷ
919 3741 1045 3824 σάματι
1068 3746 1150 3826 φίλα
1173 3730 1247 3805 οἷόν
1270 3734 1298 3802 τ’
1322 3730 1408 3801 εἶναι

229 3855 339 3908 ποιεῖν
369 3841 424 3910 καί
452 3843 532 3929 ἐρᾶν
564 3843 728 3926 ἀλλήλων.
773 3847 842 3911 ἔστι
870 3843 908 3911 δὲ
936 3849 1073 3932 ἔχθιστα
1104 3847 1144 3913 τά
1177 3844 1408 3921 ἐναντιώτατα,

231 3951 361 4034 ψυχρὸν
383 3958 509 4038 θερμῷ,
532 3952 652 4034 πικρὸν
676 3956 802 4036 γλυκεῖ,
825 3952 927 4037 ξηρὸν
946 3953 1051 4042 ὑγρῷ,
1073 3955 1180 4020 πάντα
1200 3950 1240 4015 τά
1260 3957 1408 4017 τοιαῦτα·

231 4058 361 4134 τούτοις
388 4055 418 4122 δ’
447 4053 636 4141 έπιστηθείς
668 4059 773 4142 ἔρωτα
805 4059 982 4145 ἐμποιῆσαι
1014 4058 1068 4126 καί
1095 4061 1257 4144 ὁμόνοιαν
1286 4055 1305 4122 ὁ
1332 4052 1411 4138 ἡμέ-

232 4186 325 4249 τερος
336 4168 502 4250 πρόγονος
513 4161 706 4246 Ἀσκληπιὸς
717 4215 813 4233 .....
827 4165 888 4248 τὴν
904 4165 1067 4254 ἡμετέραν
1086 4163 1267 4248 συνέστησε
1281 4162 1410 4248 τέχνην.

231 4269 341 4356 Atque
359 4269 569 4336 Thiersohius
591 4271 722 4354 quidem
745 4270 932 4361 (Spaoimen
951 4273 1104 4340 editionis
1123 4269 1282 4358 symposii
1301 4267 1411 4332 Plato-

230 4379 296 4444 nioi
314 4400 386 4464 pag.
404 4381 445 4444 12
456 4399 502 4462 sq.
518 4377 696 4464 Gottingae
709 4378 810 4468 1808)
825 4381 946 4468 quique
961 4404 1035 4446 enm
1049 4381 1231 4467 sequuntur
1247 4375 1283 4440 in
1297 4373 1411 4439 editio-

231 4486 327 4550 nibua
347 4485 415 4550 auis
435 4484 649 4570 Rueokertua,
672 4483 919 4575 Stallbaumiua,
943 4487 1074 4574 Hugius
1097 4487 1216 4552 horum
1234 4483 1411 4548 verborum
