3358 5132
723 362 944 426 -39..

244 523 441 590 diiudicatur
460 511 540 590 haec
559 546 621 610 res,
639 524 702 590 hoc
715 523 908 591 Alcmaeoni
924 519 1015 589 laudi
1034 523 1175 590 dandum
1193 546 1262 590 esse
1281 525 1420 608 videtur,

245 632 332 717 quod
353 630 479 716 primus
507 631 591 697 hanc
619 633 660 697 ad
682 653 831 696 normam
858 630 1008 698 homines
1038 654 1058 696 a
1081 630 1198 696 ceteris
1222 631 1418 696 animalibus

244 737 471 826 segregavit.¹)
519 738 590 814 Qua
615 739 766 830 doctriua
792 742 951 823 quantum
978 739 1064 803 inter
1087 738 1239 822 aequales
1261 737 1418 804 Alcmaeo

245 845 457 931 praestiterit,
482 845 671 911 Aristotelis
690 847 808 914 docent
826 847 925 911 verba
948 846 1097 930 quamvis
1116 845 1266 930 improba
1287 845 1322 909 in
1339 868 1418 911 non-

245 952 353 1018 nullos
376 951 605 1037 philosophos:
628 953 665 1018 ol
685 951 817 1038 ἀρχαῖοι
839 953 877 1017 τὸ
895 963 1035 1038 φρονεῖν
1058 951 1114 1019 καὶ
1136 955 1174 1019 τὸ
1193 954 1418 1018 αἰσθάνεσθαι

241 1061 363 1125 ταναὸν
395 1049 485 1124 εἷναί
512 1076 616 1144 φασιν
649 1057 703 1147 (de
731 1082 782 1124 an.
804 1059 856 1124 III
883 1060 904 1124 3
934 1081 1008 1145 pag.
1032 1061 1096 1126 427
1121 1083 1141 1124 a
1162 1059 1235 1147 21);
1268 1063 1302 1125 et
1328 1064 1417 1125 recte

242 1165 477 1250 Philippsonus
499 1187 541 1230 ne
564 1165 671 1250 ipsum
697 1165 828 1250 quidem
847 1164 1040 1251 Stagiritam
1060 1166 1257 1233 Alcmaeone
1280 1165 1417 1232 meliora

241 1272 444 1358 excogitasse
473 1275 623 1338 annotat:
651 1268 787 1357 ὅτιμὲν
810 1267 872 1338 οὖν
897 1272 938 1338 οὐ
959 1272 1081 1338 ταύτόν
1105 1273 1174 1339 ἐστι
1198 1277 1236 1340 τὸ
1259 1274 1416 1340 αἰσθάνε-

244 1386 325 1446 σθαι
345 1375 402 1445 καὶ
418 1381 456 1446 τὸ
474 1390 625 1465 φρονεῖν,
648 1383 811 1465 φανερόν·
834 1389 895 1445 τοῦ
918 1375 1066 1465 μὲνγὰρ
1089 1389 1171 1446 πᾶσι
1193 1379 1333 1467 μέτεστι,
1356 1390 1416 1447 τοῦ

241 1484 279 1552 δὲ
302 1487 429 1570 ὀλίγοις
450 1497 517 1552 τῶν
542 1484 632 1574 ζῴων
652 1486 709 1575 (ib.
728 1487 750 1552 b
770 1485 814 1573 6).
851 1486 1067 1590 Empedocles
1087 1491 1205 1572 autem,
1225 1511 1321 1572 quem
1339 1489 1415 1553 Alc-

240 1594 383 1660 maeouis
403 1594 523 1660 librum
540 1593 576 1658 in
595 1615 657 1660 suu
672 1592 898 1679 περὶφύσεως
918 1616 1015 1678 opere
1035 1595 1268 1661 conscribendo
1287 1596 1415 1682 saepius

240 1701 425 1767 adhibuisse
452 1701 538 1766 infra
559 1705 723 1787 patescet,
749 1700 826 1768 huic
853 1702 889 1766 ni
917 1701 1015 1768 fallor
1036 1701 1246 1768 Alcmaeonis
1270 1702 1416 1790 opinioni
1465 1707 1467 1712 ’
1560 1763 1564 1770 .

239 1809 422 1876 contrarius
451 1809 595 1894 exsistit,
623 1831 697 1876 cum
725 1831 840 1876 sensus
869 1833 889 1874 a
916 1810 1042 1875 ratione
1072 1810 1320 1897 distinguendos
1344 1833 1415 1877 esse

238 1917 364 2002 etipse
388 1916 568 1982 arbitratus
592 1913 721 2003 (Robde
743 1916 871 2000 Psyche
894 1939 970 2002 pag.
988 1915 1069 2004 469)
1092 1922 1203 1984 tamen
1226 1919 1335 1984 docet:

326 2024 451 2090 πάντα
473 2025 537 2108 γὰρ
561 2029 634 2089 ἴσθι
656 2026 822 2109 φρόνησιν
845 2026 932 2110 ἔχειν
955 2021 1011 2089 καὶ
1033 2026 1187 2109 νώματος
1209 2020 1319 2110 αἶσαν,

237 2131 418 2197 sententiae
441 2131 508 2196 uim
531 2131 706 2196 verborum
728 2130 893 2216 positione
916 2131 1093 2196 manifesto
1117 2154 1250 2218 augens.

325 2239 442 2324 Itaque
464 2239 554 2304 solus
577 2240 676 2304 homo
700 2237 827 2305 ratione
851 2242 903 2304 est
925 2238 1103 2325 praeditus,
1128 2261 1192 2324 qua
1216 2251 1414 2325 quamquam

236 2345 352 2413 bestiis
374 2349 535 2431 praestat,
557 2369 576 2410 a
599 2347 668 2412 deis
692 2347 790 2433 longe
814 2350 996 2433 superatur.
1043 2345 1114 2422 Qua
1136 2347 1175 2411 de
1200 2370 1299 2413 causa
1321 2353 1414 2414 cavet

237 2455 454 2520 Alcmaeone
477 2452 615 2519 nimium
637 2451 759 2518 rationi
782 2452 922 2537 tribuat,
949 2454 997 2518 ita
1023 2454 1119 2518 utin
1142 2455 1281 2520 occultis
1303 2477 1412 2520 rerum

236 2562 342 2628 causis
365 2561 571 2646 explorandis
594 2562 634 2626 ad
654 2561 858 2626 coniecturas
881 2561 1031 2648 refugere
1054 2583 1120 2627 non
1140 2561 1334 2647 dedignetur
1356 2562 1412 2627 ille

238 2669 383 2754 quidem,
419 2670 474 2735 sed
507 2691 605 2754 quam
636 2669 713 2735 illae
745 2669 813 2734 sint
844 2668 987 2734 incertae
1022 2690 1190 2753 nunquam
1221 2667 1347 2735 neseiat
1379 2673 1413 2734 et

235 2776 327 2841 vanis
359 2776 574 2860 futilibusque
608 2776 816 2861 opinionibus
851 2777 1102 2862 commenticiis,
1138 2798 1221 2862 quae
1259 2797 1412 2841 sensuum

236 2883 479 2952 confirmatione
508 2883 603 2969 plane
632 2887 776 2971 careant,
807 2882 842 2950 in
869 2884 966 2949 rebus
994 2884 1116 2950 abditis
1144 2883 1298 2970 progredi
1327 2883 1413 2947 nolit

235 2988 289 3077 (cf.
307 2991 423 3077 fragm
443 2989 565 3078 XVII),
588 2992 630 3057 ab
649 2990 810 3057 Heracliti
829 2991 1096 3075 Parmenidisque
1114 2991 1291 3057 insolentia
1309 3012 1413 3056 remo-

234 3097 390 3164 tissimus.
426 3097 518 3164 Haec
536 3102 588 3164 est
611 3121 676 3183 qua
695 3097 819 3164 medico
842 3099 1089 3185 ingrediendum
1108 3102 1160 3164 est
1178 3099 1240 3182 ria,
1263 3121 1323 3164 nec
1341 3099 1411 3164 sine

234 3227 354 3291 magno
376 3205 553 3271 medicinae
575 3204 771 3270 detrimento
795 3205 997 3291 factumest,
1019 3209 1058 3269 ut
1076 3205 1275 3290 posteriores
1295 3205 1411 3271 medici

234 3313 462 3398 philosophiae
480 3313 586 3400 magis
607 3335 704 3397 quam
720 3313 897 3379 medicinae
912 3313 1040 3378 ratione
1059 3314 1098 3379 de
1112 3313 1249 3380 humani
1266 3313 1413 3399 eorporis

233 3425 352 3486 natura
378 3420 480 3486 locuti
507 3419 600 3486 vanis
630 3419 826 3486 coniecturis
855 3419 1077 3507 indulgerent,
1108 3443 1190 3506 quae
1221 3421 1412 3508 opinionum

235 3531 420 3594 commenta
442 3549 502 3592 suo
526 3527 596 3592 iure
620 3527 785 3612 vituperat
808 3526 886 3591 libri
914 3527 953 3592 de
978 3527 1088 3612 prisca
1110 3525 1273 3594 medicina
1299 3531 1413 3594 auctor

234 3633 406 3723 (Hippocr.
424 3633 517 3718 12,1
540 3632 748 3723 thlewein)
769 3657 865 3719 quem
881 3632 1089 3700 Alcmaeonis
1108 3634 1232 3720 placita
1251 3637 1411 3721 respicere

234 3742 319 3808 infra
346 3741 540 3808 videbimus:
574 3741 627 3806 διὸ
659 3739 721 3807 οὐκ
748 3741 866 3826 ἠξίουν
894 3743 997 3826 ἔγωγε
1025 3740 1155 3831 nevile&
1189 3741 1295 3829 αὐτὴν
1327 3740 1411 3830 (scil.

234 3848 451 3937 medicinam)¹
465 3846 648 3927 ὑποθέσιος
671 3851 804 3916 δεῖσθαι
832 3851 942 3935 ὥσπερ
969 3850 1010 3914 τὰ
1033 3847 1162 3934 ἀφανέα
1189 3847 1246 3915 καὶ
1274 3850 1411 3935 ἀπορεό-

233 3993 297 4002 -—.-
308 3993 446 4003 --m-—un

323 4065 349 4132 1)
368 4059 531 4117 Brundisina
553 4063 649 4116 tamen
673 4061 778 4132 (Geacb.
797 4062 824 4116 d.
843 4061 1316 4132 Entwickluapd.Pbilos.1190)
1335 4061 1410 4116 haud

231 4153 308 4208 recte
327 4149 416 4208 solam
436 4149 550 4206 vivendi
568 4149 734 4206 facultatem
755 4151 1033 4221 tammonem)
1057 4149 1094 4206 ab
1113 4151 1286 4208 Alcmaeone
1305 4151 1411 4221 plantis

232 4255 392 4296 concessam
411 4255 471 4294 csse
490 4238 570 4294 dicit.
602 4240 774 4310 Magnopere
793 4239 868 4293 enim
887 4239 976 4295 distat
994 4243 1044 4296 aut
1062 4239 1123 4294 sola
1141 4239 1257 4295 vivendi
1274 4238 1411 4295 facultate

231 4329 389 4400 praeditum
408 4344 467 4384 esse
485 4329 539 4384 aut
556 4333 669 4396 praeter
687 4345 750 4384 earn
769 4329 905 4397 sensibus,
924 4344 1010 4398 quare
1023 4327 1130 4384 bestias
1150 4325 1411 4398 captantis-Aristo·

231 4419 301 4474 telos
321 4417 431 4488 saepius
449 4417 602 4486 distinguit
618 4418 665 4488 (de
684 4435 766 4476 sensu
784 4417 857 4474 436ὴ
874 4425 915 4487 10,
934 4417 992 4488 sl).

320 4509 346 4578 2)
364 4505 500 4578 (tempera
522 4505 629 4562 θοίναν.
645 4508 755 4564 Denter
772 4515 824 4564 246
835 4526 875 4578 sq.
