3358 5132
738 371 959 437 „40-

264 556 359 620 μενα·
391 531 467 620 περὶ
494 529 543 602 ὧν
569 532 712 619 ἀνάγκη,
738 535 782 619 ήν
808 556 858 608 τις
886 529 1031 619 ἐπιχειρή
1059 555 1091 596 τι
1118 527 1244 615 λέγειν,
1276 528 1438 599 ὑποθέσει

256 647 428 728 modas,
455 631 528 707 οἷον
556 639 631 726 περὶ
659 650 724 706 τῶν
752 639 925 725 μετεώρων
953 637 974 722 ή
998 649 1064 704 τῶν
1088 637 1153 703 ὑπὸ
1177 647 1258 722 γῆν,
1285 638 1306 704 ἃ
1334 645 1368 703 sl
1389 661 1440 716 τις

265 747 354 833 λέγοι
382 745 436 813 καὶ
460 750 639 832 γιγνώσκοι
666 747 711 824 ὡς
736 747 802 832 ἔχει
809 797 818 829 ,
847 743 917 812 οὐτ’
943 744 985 810 διν
1013 745 1101 833 αὐτῷ
1129 754 1176 833 τῷ
1204 743 1335 829 ῖέγοντι
1363 746 1439 811 οὔτε

264 867 334 934 τοῖς
356 855 516 921 ἀκούουσι
539 856 624 939 δῆλα
647 851 689 919 ἀν
712 859 763 936 εἴη
787 859 852 917 εἴτε
875 850 1003 936 ἀληθέα
1027 850 1117 917 ἐστὶν
1140 858 1205 917 εἴτε
1228 854 1285 937 μή·
1312 851 1353 917 ού
1376 854 1439 937 γὰρ

265 963 334 1028 ἐστι
356 961 440 1047 πρὸς
462 959 480 1025 ὅ
503 984 535 1025 τι
558 961 620 1045 χρή
644 957 866 1044 ἀνενέγκαντα
889 955 1016 1024 εῖδέναι
1038 961 1076 1024 τὸ
1100 956 1212 1043 σαφές.

355 1068 502 1144 Quocum
526 1067 648 1151 optime
673 1065 845 1150 consentit,
872 1066 958 1150 quod
982 1088 1112 1131 omnem
1136 1064 1306 1132 scientiam
1330 1089 1348 1132 e
1371 1090 1440 1134 sen-

266 1176 356 1242 sibus
381 1196 513 1240 manare
535 1170 691 1240 Alcmaeo
715 1171 864 1238 docuisse
888 1170 1024 1238 videtur.
1062 1173 1156 1249 Quod
1181 1197 1377 1259 quamquam
1401 1197 1440 1242 ex

266 1284 312 1350 eis
332 1305 414 1367 quse
433 1305 450 1347 e
468 1282 554 1346 libro
574 1280 643 1345 eius
663 1283 793 1346 exstant
812 1281 863 1344 rel
883 1302 965 1364 quse
984 1279 1180 1346 nominatim
1201 1281 1231 1346 ei
1250 1282 1440 1349 tribuuntur

265 1413 332 1456 non
346 1390 461 1473 elucet,
475 1392 586 1454 tamen
600 1388 748 1454 concludi
762 1389 873 1472 potest
896 1409 912 1451 e
927 1386 1111 1453 Phaedonis
1126 1387 1288 1454 Platonici
1306 1413 1336 1476 p.
1350 1391 1393 1456 69
1402 1390 1440 1476 Β,

267 1519 363 1582 quem
382 1496 490 1562 locum
510 1496 550 1560 ab
571 1495 768 1560 Alcmaeone
790 1493 950 1580 originem
965 1492 1109 1579 ,petiisse
1128 1494 1292 1562 Hirzelius
1311 1497 1438 1564 demon·

267 1605 384 1670 stravit
399 1603 524 1692 (Herm.
539 1601 587 1666 XI
602 1598 696 1688 240):
715 1602 733 1667 ό
753 1599 933 1686 ἐγκέφαλός
947 1599 1037 1666 ἐστιν
1057 1600 1074 1665 ὁ
1092 1601 1150 1678 τὰς
1169 1603 1342 1688 αἰσθήσεις
1359 1625 1441 1687 παρ-

267 1710 352 1798 έχων
380 1720 439 1777 τοῦ
462 1708 596 1775 ἀκούειν
623 1709 679 1773 καὶ
707 1707 789 1793 δρᾶν
816 1706 871 1772 καὶ
900 1707 1157 1794 ὀσφραίνεσθαι·
1185 1709 1221 1776 ἐκ
1247 1711 1375 1776 τούτων
1403 1708 1441 1776 δὲ

267 1823 415 1903 γίγνοιτο
443 1819 554 1903 μνήμη
582 1812 636 1880 καὶ
665 1814 760 1898 δόξα,
789 1814 824 1880 ἐκ
853 1811 889 1880 δέ
918 1819 1048 1900 μνήμης
1074 1812 1129 1881 καὶ
1157 1816 1254 1900 δόξης
1277 1819 1464 1909 λαβούσης,

268 1927 305 1990 τὸ
324 1924 459 2009 ἠρεμεῖν
477 1924 560 1989 κατά
579 1931 680 1989 ταῦτα
699 1925 876 2006 γίγνεσθαι
894 1921 1085 2007 ἐπιστήμην.
1116 1922 1146 1986 Ε
1166 1945 1321 1990 sensuum
1339 1924 1442 2011 igitur

267 2031 532 2117 perceptionibus
561 2030 718 2096 memoria
746 2030 780 2095 in
809 2030 917 2096 anima
945 2030 1082 2095 retentis
1111 2030 1217 2095 oritur
1240 2031 1334 2109 δόξαι
1361 2031 1441 2098 haec

269 2139 391 2223 optime
420 2160 494 2203 cum
522 2137 569 2202 eis
603 2159 684 2221 quae
713 2137 808 2202 modo
838 2136 973 2221 exposui
1001 2137 1218 2229 consentiunt.
1265 2135 1329 2204 Sed
1360 2160 1441 2222 quae

269 2249 450 2330 sequuntur
474 2243 650 2310 offensione
673 2265 740 2310 non
763 2247 883 2308 carent.
925 2242 1040 2326 Itaque
1062 2243 1183 2308 Iodlius
1208 2241 1344 2329 (Ficbtes
1360 2245 1441 2310 Zeit-

268 2351 378 2434 schrift
392 2351 449 2433 scir
467 2350 664 2432 Philosophia
682 2351 735 2434 97,
749 2346 840 2436 226),
859 2371 932 2414 oum
950 2350 1079 2434 saepius
1099 2349 1194 2414 Plato
1213 2349 1294 2414 talia
1311 2353 1350 2415 ut
1368 2373 1388 2414 a
1406 2374 1440 2416 se

269 2459 342 2544 ipso
357 2459 543 2544 excogitata
557 2458 702 2542 proferat
718 2454 829 2542 (Meno
845 2458 885 2521 97
896 2456 940 2541 E3
957 2456 1061 2522 Zeller
1074 2453 1106 2522 Ι5
1121 2459 1150 2542 1,
1164 2458 1238 2541 489,
1248 2454 1293 2544 2),
1308 2461 1441 2542 μνήμην

269 2571 303 2631 et
322 2564 423 2644 δόξαν
442 2588 461 2630 a
479 2565 616 2631 Platone
635 2563 745 2629 addita
764 2585 834 2628 esse
854 2567 945 2629 ratus
964 2585 981 2628 e
1000 2562 1150 2628 sensibus
1166 2563 1346 2650 ἐπιστήμην
1361 2566 1441 2630 oriri

269 2674 501 2739 Alcmaeonem
523 2671 672 2739 docuisse
696 2675 814 2737 censet.
859 2670 1022 2755 Equidem
1048 2691 1122 2736 cum
1146 2670 1270 2736 Zellero
1300 2672 1338 2738 de
1362 2693 1440 2738 voce

269 2782 403 2866 ἠρεμεῖν
427 2779 551 2863 dubito,
575 2801 672 2863 quam
696 2778 724 2842 si
743 2778 962 2844 constantiam
982 2777 1145 2862 opinionis
1168 2777 1287 2844 iterum
1311 2801 1348 2844 ac
1372 2801 1439 2844 sae-

269 2889 343 2972 pius
375 2885 461 2952 idem
494 2890 647 2970 expertae
679 2886 790 2970 itaque
824 2886 1033 2952 confirmatae
1065 2885 1249 2971 intelligere
1276 2906 1343 2951 non
1370 2908 1444 2971 pos-

271 3016 382 3060 sumus
401 2998 554 3078 recteque
573 2994 809 3078 interpretatus
828 2996 879 3058 est
896 2992 1093 3058 Aristoteles
1101 2990 1136 3078 ¹),
1155 2991 1442 3058 Alcmaeonianam

271 3124 337 3168 non
365 3123 435 3168 esse
469 3105 606 3168 constat.
653 3100 788 3166 Accedit
816 3101 902 3184 quod
929 3122 969 3164 ne
997 3100 1088 3184 prior
1121 3099 1250 3184 quidem
1283 3099 1444 3178 enuntiati

269 3231 359 3294 pars,
387 3231 469 3294 quae
497 3212 548 3273 est
580 3208 619 3272 de
647 3207 809 3290 sensibus,
839 3206 987 3272 Platonis
1015 3227 1131 3270 manus
1158 3228 1224 3272 non
1250 3206 1360 3290 prodit
1387 3203 1443 3292 (cf.

267 3338 344 3402 pag.
364 3317 406 3382 53
429 3338 460 3381 n.
479 3314 524 3403 4).

361 3419 424 3488 Sed
442 3423 508 3487 iam
532 3441 612 3506 quae
632 3420 670 3486 de
690 3421 828 3507 singulis
848 3420 997 3487 sensibus
1011 3419 1167 3486 Alcmaeo
1191 3419 1337 3487 docuerit
1355 3420 1443 3486 vide-

272 3552 374 3596 amus.

750 3626 881 3698 Fragm.
904 3626 969 3683 111.

290 3789 292 3795 ι
360 3742 547 3826 Theophr.
571 3743 614 3808 de
638 3765 752 3808 sensu
771 3744 814 3808 25
834 3740 940 3829 (Dor.
961 3742 1036 3828 506,
1050 3738 1122 3828 23);
1146 3739 1280 3808 ἀκούειν
1302 3737 1363 3826 μὲν
1380 3737 1445 3808 οὖν

271 3868 354 3939 φησι
381 3861 450 3927 τοῖς
478 3850 575 3934 ὠσίν,
603 3852 690 3916 διότι
716 3851 815 3916 κενὸν
843 3849 879 3914 ἐν
903 3848 1016 3926 αὐτοῖς
1038 3848 1227 3935 ἐνυπάρχει·
1254 3857 1352 3915 τούτο
1380 3851 1444 3936 γδιρ

271 3961 374 4044 ήχεῖν.
418 3954 628 4040 φθέγγεσθαι
651 3953 688 4022 δέ
710 3965 756 4044 τῷ
780 3959 894 4047 κοίλῳ,
917 3957 976 4022 τὸν
999 3953 1080 4041 ἀέρα
1103 3949 1134 4020 δ’
1161 3956 1324 4042 ἀντηχεῖν.

362 4156 386 4221 1)
406 4151 481 4207 anal.
499 4148 596 4220 priora
616 4149 642 4203 11
663 4157 694 4206 19
713 4158 847 4221 pag.100
866 4157 926 4206 a3:
951 4145 982 4206 ἐκ
1005 4147 1057 4222 μὲν
1081 4145 1132 4205 οὖν
1156 4147 1314 4218 αἰσθήσεως
1332 4149 1446 4221 ’γίνεται

271 4241 374 4313 μνήμη,
393 4238 484 4310 ὥσπερ
503 4236 628 4310 λέγομεν,
648 4233 678 4294 ἐκ
693 4238 724 4296 δὲ
740 4239 849 4310 μνήμης
866 4237 1000 4304 ποῖῖάκις
1017 4247 1067 4295 τοῦ
1082 4239 1169 4294 αὐτοῦ
1183 4236 1331 4310 γινομένης
1350 4233 1448 4310 ἐμπει-

272 4333 332 4402 ρία·
357 4373 434 4389 .....
445 4325 476 4386 ἐκ
496 4326 523 4384 δ’
545 4325 691 4400 ἐμπειρίας
713 4326 730 4398 ἢ
750 4324 782 4384 ἐκ
800 4329 906 4394 παντὸς
923 4329 1115 4401 ἠρεμήσοντος
1136 4336 1186 4384 τοῦ
1210 4326 1337 4384 καδόῖον
1361 4323 1393 4384 ἐν
1411 4336 1447 4400 τῇ

272 4427 358 4491 ψυχή,
376 4427 426 4475 τοῦ
446 4413 509 4482 ἕνδς
525 4418 605 4489 παρὰ
622 4417 658 4473 τδι
675 4417 777 4488 uultui,
797 4416 811 4478 δ
831 4417 867 4478 ἀν
878 4415 917 4499 ἐν
936 4417 1042 4476 ἅπασιν
1058 4415 1092 4475 ἐν
1112 4413 1161 4490 ἐνῇ
1182 4413 1299 4481 ἐκείνοις
1316 4417 1348 4474 τὸ
1368 4416 1448 4488 αὐτό,

270 4507 369 4580 τέχνης
388 4507 458 4580 ἀρχή
477 4505 526 4566 καὶ
545 4503 703 4585 ἐπιστήμης.
