3358 5132
744 358 964 422 „50-

269 515 318 586 ίιί
346 519 509 598 ἀνατολὰς
530 517 779 606 ἀντιφέρεσθαι.
820 518 911 584 Idem
933 515 1095 582 Eusebius
1123 513 1246 602 (praep.
1271 539 1318 584 er.
1339 517 1401 582 XV
1421 519 1444 582 4

268 649 343 713 pag.
364 629 427 694 847
447 627 493 712 Α)
517 649 557 692 ex
579 627 766 711 Plutarcho,
789 626 820 690 h.
840 648 866 689 e.
888 623 995 690 Aetio.

357 733 550 800 Stobaeus
578 735 655 800 Ecl.
683 733 790 818 phys.
813 732 829 796 I
854 731 897 797 25
923 727 1029 817 (Dox.
1052 730 1117 796 352
1141 731 1163 795 b
1185 729 1220 816 8)
1244 753 1288 796 ex
1311 730 1444 798 Aetio:

265 837 450 927 Ἀλκμαίων
473 844 601 907 πλατὺν
624 835 711 906 alvea
734 842 792 905 τὸν
814 840 922 923 ἥλιον.

358 966 548 1033 Stobaeus
572 966 650 1031 Ecl.
672 965 779 1050 phys.
801 963 818 1028 I
842 964 885 1028 26
909 961 1013 1048 (Dox.
1038 961 1104 1029 359
1123 963 1145 1027 b
1165 961 1222 1048 17)
1245 984 1288 1027 ex
1313 962 1445 1027 A'etio:

135 1083 137 1088 '
263 1071 446 1159 Ἀλκμαίων
474 1072 687 1159 Ἡράκλειτος
713 1068 879 1156 Ἀντιφῶν
914 1070 996 1134 κατὰ
1031 1069 1093 1153 τὴν
1129 1077 1190 1134 τοῦ
1222 1071 1444 1153 σκαφοειδοῦς

267 1183 416 1266 στροφὴν
445 1178 500 1246 καὶ
523 1181 580 1256 τὰς
602 1180 801 1264 παρακλίνεις
824 1174 979 1265 (σελήνης
1002 1177 1150 1256 ἔκλειψιν
1173 1173 1373 1263 γίγνεσθαι).
1399 1214 1442 1224 -
1490 1231 1494 1240 .

355 1305 422 1370 Vix
443 1308 494 1371 est
518 1305 603 1390 qnod
627 1325 777 1368 moneam
803 1303 888 1367 hanc
918 1301 1086 1366 stellarum
1114 1300 1341 1366 aeternitatem
1364 1324 1444 1366 non·

266 1411 330 1477 nisi
354 1410 520 1477 adfuturi
543 1411 700 1496 temporis
722 1409 922 1474 infinitatem
945 1413 1101 1493 spectare.
1143 1410 1175 1472 Γ
1172 1410 1332 1492 ενόμενον
1355 1409 1443 1472 enim

269 1513 475 1603 (Aristotelis
494 1517 602 1582 verbis
626 1520 702 1581 utor
721 1517 759 1580 de
780 1515 869 1581 caelo
887 1514 904 1578 I
924 1517 975 1601 10,
993 1515 1057 1581 279
1078 1515 1099 1579 b
1122 1512 1177 1602 12)
1197 1515 1337 1591 ἅπαντας
1355 1511 1447 1580 είναί

266 1640 347 1707 φασι
361 1625 420 1689 τὸν
435 1623 593 1708 οὐρανόν,
612 1621 696 1687 ἀλλὰ
714 1624 897 1706 γενόμενον
913 1622 948 1686 of
958 1617 1020 1705 μὲν
1034 1619 1156 1704 ἀΐδιον,
1180 1622 1216 1686 of
1226 1617 1263 1685 δὲ
1278 1624 1443 1707 φθαρτόν.

355 1729 426 1796 -Iam
454 1751 527 1794 cum
555 1729 761 1794 aeternitatis
789 1728 968 1813 imaginem
995 1727 1159 1804 circulum¹
1182 1728 1212 1793 ei
1239 1727 1346 1793 visum
1370 1750 1441 1793 esse

267 1860 284 1902 e
303 1836 366 1922 frg.
381 1836 427 1900 XI
446 1836 594 1901 concludi
616 1835 731 1921 possit,
754 1835 789 1899 in
807 1835 920 1899 orbem
939 1820 1052 1899 stellas
1072 1834 1274 1900 circumferri
1292 1835 1442 1900 docuisse

267 1966 342 2009 eum
365 1946 503 2009 constat.
540 1943 655 2027 Itaque
674 1965 759 2007 nova
777 1941 906 2006 exsistit
930 1940 1077 2027 quaestio
1101 1942 1179 2026 quid
1197 1941 1232 2004 in
1251 1940 1356 2007 medio
1377 1939 1442 2006 hoc

267 2051 387 2117 circulo
407 2054 494 2115 stare
513 2048 640 2114 dixerit.
677 2050 726 2115 Ac
745 2049 888 2114 Zellerus
912 2049 1043 2134 quidem
1067 2048 1152 2113 circa
1170 2049 1279 2135 ignem
1298 2047 1443 2113 medium

268 2158 375 2222 sidera
398 2157 476 2222 ferri
498 2161 602 2241 putat.
650 2155 713 2222 Sed
737 2156 793 2240 qui
816 2155 1100 2242 Pythagoreorum
1127 2155 1165 2220 de
1189 2155 1294 2220 stellis
1323 2155 1443 2220 doctri-

267 2287 344 2328 nam
374 2263 602 2329 Alcmaeonem
631 2262 816 2347 professum
844 2283 914 2326 esse
944 2262 1060 2347 credit,
1088 2261 1273 2327 meminerit
1301 2265 1443 2348 oportet,

268 2369 504 2454 antiquissimis
537 2368 631 2434 illum
658 2368 877 2454 Pythagoreis
908 2369 1076 2453 aequalem
1104 2367 1213 2434 fuisse.
1259 2367 1304 2433 Hi
1332 2372 1443 2434 autern

269 2477 332 2561 ipsi
357 2481 415 2542 aut
437 2476 580 2541 Philolai
604 2477 642 2540 de
667 2476 786 2540 mundo
811 2475 994 2541 doctrinam
1016 2498 1082 2540 non
1106 2475 1171 2541 iam
1194 2474 1333 2560 professi
1356 2481 1444 2562 sunt,

268 2605 347 2670 ergo
379 2606 420 2648 ne
447 2584 604 2650 Alcmaeo
639 2582 782 2668 quidem3
815 2587 873 2648 aut
905 2583 1045 2667 professi
1077 2587 1155 2647 sunt
1185 2582 1442 2667 Alcmaeonique

266 2697 511 2775 persuaserunt:
536 2692 601 2755 iam
621 2691 776 2775 quidnam
795 2712 910 2756 causae
928 2691 1002 2775 fuit,
1021 2713 1078 2756 cur
1096 2712 1115 2754 a
1133 2689 1289 2774 primario
1308 2689 1440 2754 illorum

266 2798 388 2882 placito
396 2796 420 2884 l)
445 2799 596 2863 recedens
621 2819 695 2862 cum
714 2796 847 2882 propria
866 2798 968 2863 solem
991 2797 1042 2863 vel
1062 2797 1174 2862 lunam
1191 2797 1263 2862 luce
1282 2797 1442 2862 illustrari

266 2904 321 2969 ille
346 2904 444 2969 vellet
466 2908 538 2968 tum
562 2904 774 2988 sphaerarum
798 2904 947 2969 doctrina
973 2905 1069 2989 plane
1098 2904 1249 2990 neglecta
1270 2903 1366 2969 lunae
1390 2905 1443 2970 de-

268 3011 372 3076 fectus
396 3033 526 3075 causam
553 3033 619 3076 non
647 3011 721 3075 inde
748 3013 889 3096 peteret,
917 3012 1003 3096 quod
1032 3011 1261 3077 obscuraretur
1289 3033 1308 3076 a
1336 3010 1442 3078 sidere

267 3118 408 3202 quodam
440 3118 689 3202 praetereunte?
735 3119 852 3202 Itaque
885 3118 1035 3203 equidem
1071 3119 1138 3183 veri
1171 3119 1268 3204 longe
1301 3119 1442 3186 similius

267 3245 337 3290 esse
361 3225 497 3290 dixerim
521 3225 752 3290 Alcmaeonem
777 3229 864 3290 certe
888 3248 953 3290 non
975 3227 1100 3312 ignem,
1127 3248 1239 3290 verum
1263 3229 1384 3291 terram
1407 3227 1442 3292 in

267 3333 373 3398 medio
403 3333 521 3397 mundo
549 3333 707 3417 posuisse.
753 3331 858 3408 Quam
891 3333 977 3398 cirea
1010 3332 1122 3398 stellas
1155 3331 1294 3398 circulos
1326 3334 1442 3401 ducere

266 3437 384 3522 voluit,
416 3439 464 3502 ita
490 3443 601 3504 tamen
632 3442 670 3507 ut
701 3441 851 3524 planetae
880 3440 1045 3504 contraria
1076 3439 1130 3503 via
1162 3439 1279 3504 ceteris
1312 3439 1443 3506 obviam

266 3549 360 3611 irent.
408 3543 507 3610 Cuius
531 3546 697 3612 doctrinae
722 3569 820 3613 cansa
845 3547 919 3612 inde
942 3547 1083 3631 petenda
1105 3568 1176 3612 esse
1199 3546 1281 3612 mihi
1304 3547 1441 3634 videtur,

266 3654 352 3738 quod
381 3637 454 3718 cum
482 3653 606 3736 primus
638 3658 797 3738 quantum
826 3653 946 3718 seimus
974 3654 1123 3737 planetas
1156 3653 1321 3748 interdum
1352 3658 1440 3720 retro

264 3760 343 3825 ferri
367 3760 471 3826 solere
495 3760 792 3845 animadvertisset,
821 3782 948 3844 semper
974 3760 1023 3826 ita
1045 3759 1117 3825 fieri
1144 3760 1325 3845 improvide
1350 3782 1441 3827 more

265 3868 474 3953 antiquorum
499 3868 675 3933 contendit.

327 3989 328 3996 ’
354 3973 439 4040 Solis
463 3974 604 4040 formam
627 3975 759 4059 planam
778 3996 858 4060 esse,
880 3974 991 4038 lunam
1015 3973 1153 4057 scaphae
1173 3974 1349 4062 imaginem
1368 3975 1442 4040 imi·

265 4083 328 4149 tari
357 4082 505 4148 docuisse
534 4082 645 4147 fertur.
693 4081 785 4158 Quod
813 4081 883 4146 iure
911 4081 1047 4146 mireris.
1094 4079 1208 4165 Neque
1240 4082 1327 4147 enim
1354 4083 1442 4149 ullus

266 4194 422 4274 quantum
450 4189 543 4256 rideo
568 4189 783 4274 philosophus
812 4187 911 4253 aliam
939 4189 1015 4272 soli,
1049 4187 1147 4252 aliam
1174 4187 1271 4254 lunae
1300 4177 1443 4254 formam

266 4297 392 4363 tribuit.
438 4296 560 4362 Tamen
584 4298 622 4362 de
645 4296 713 4361 sole
743 4296 878 4361 eandem
907 4294 996 4359 orbis
1025 4294 1166 4378 speeiem
1194 4316 1322 4380 semper
1349 4318 1443 4380 prae-

266 4425 309 4432 -—.
334 4427 370 4432 --
387 4426 479 4433 --.-.-

357 4494 381 4558 1)
403 4492 492 4548 Zeller
510 4489 541 4542 1⁵
555 4495 616 4557 420,
633 4496 646 4544 1
663 4490 721 4555 fin.;
741 4495 801 4556 425,
817 4495 840 4542 2.
