3358 5132
706 335 942 399 -101-

239 498 380 582 ῳηνείην
402 492 464 581 μὲν
485 494 562 561 θεοί
586 498 714 581 ἔχουσι,
742 496 786 573 ὡς
808 492 846 560 ot
869 495 1060 581 ἀνθρώποις
1088 501 1321 583 τεκμαίρεσθαι
1344 503 1412 564 κτλ.

237 603 347 688 Ipsum
380 607 491 669 autem
518 602 750 669 Alcmaeonem
780 601 989 687 Xenophanis
1022 604 1184 688 scrupulis
1219 625 1257 670 aa
1286 606 1413 670 dubita·

237 709 381 775 tionibus
409 709 494 776 hane
521 710 561 773 ad
585 709 771 794 opinionem
800 710 975 775 adductum
1003 732 1073 775 esse
1101 711 1155 776 rix
1183 711 1411 796 concesserim

236 838 312 882 nam
336 821 369 881 et
392 815 569 903 fragmenti
593 815 671 881 XIV
689 815 733 882 M.
757 813 827 903 (καί
855 818 892 882 τὸ
919 813 981 900 μὲν
1009 811 1072 884 οὖν
1096 813 1198 902 σαφὲς
1219 815 1303 902 κτλ.)
1326 817 1411 883 ratio

239 924 305 988 alia
332 928 384 989 est
416 922 471 1009 (of.
497 944 572 1009 pag.
596 921 654 1010 36)
686 927 720 988 et
753 924 897 989 medicae
929 923 1010 990 artis
1042 929 1178 990 naturae
1210 925 1343 1010 propria
1376 947 1413 991 ao

237 1031 330 1116 quasi
352 1031 465 1096 innata
488 1051 558 1096 esse
585 1030 643 1095 illa
666 1031 828 1096 sententia
851 1030 991 1113 videtur3
1021 1027 1141 1096 reotius
1169 1030 1273 1117 igitur
1301 1036 1412 1096 monet

238 1136 386 1203 Bidezius
415 1139 453 1203 de
480 1137 554 1202 libri
589 1137 628 1202 de
655 1137 763 1221 prisea
793 1137 952 1202 medicina
981 1135 1035 1224 (ἐξ
1061 1140 1089 1202 1.
1112 1136 1169 1224 20)
1199 1137 1413 1204 similitudine

237 1241 291 1332 (ol.
310 1267 384 1330 pag.
403 1243 469 1331 39).

324 1351 396 1416 lam
419 1353 674 1437 Anaxagoras
699 1373 813 1416 sensus
837 1351 937 1417 simili
958 1352 1055 1417 modo
1078 1360 1123 1439 τῳ
1146 1352 1191 1436 μὴ
1214 1351 1319 1440 ὁμοίῳ
1341 1351 1413 1416 fieri

238 1459 345 1542 dotet,
373 1458 504 1543 quade
531 1480 566 1522 re
590 1458 775 1523 accuratius
807 1457 945 1523 vidimus
973 1480 1047 1545 pag.
1073 1459 1125 1524 54.
1170 1457 1272 1523 Porro
1300 1457 1413 1522 bestiis

237 1564 400 1650 homines,
432 1565 550 1650 quibus
583 1564 688 1629 maior
720 1564 839 1630 mentis
872 1563 951 1650 (τοῦ
983 1561 1065 1651 νοῦ)
1099 1565 1148 1630 vis
1181 1585 1335 1629 concessa
1362 1568 1414 1630 est

236 1669 356 1759 (Zeller
378 1669 414 1737 1⁶
436 1672 510 1737 991.
538 1669 650 1758 1010),
678 1676 844 1756 praestare
873 1672 967 1737 (louet
996 1675 1108 1757 μνήμῃ
1138 1670 1288 1758 ἐμπειρίᾳ
1315 1669 1412 1757 τέχνῃ

237 1775 380 1866 raptast)
426 1776 497 1842 Iam
521 1798 595 1842 oum
619 1777 685 1842 sint
707 1775 898 1842 Aristotelis
921 1777 1070 1842 nonnulli
1093 1777 1170 1861 loei,
1197 1778 1315 1862 quibus
1339 1778 1411 1843 doo-

236 1885 325 1949 trina
342 1885 401 1949 illa
415 1882 670 1951 Alcmaeoniana
689 1905 706 1947 e
720 1883 868 1948 Platonis
883 1882 1055 1948 Phaedone
1069 1888 1148 1949 nota
1165 1888 1276 1968 aperte
1295 1889 1413 1950 retrae-

237 1987 367 2076 tetur¹),
389 1989 439 2054 ita
462 1994 573 2055 tamen
595 1992 634 2054 ut
657 1989 714 2053 ubi
733 1989 829 2055 Plato
852 1989 904 2055 vel
923 1989 1078 2056 Alcmaeo
1103 1990 1205 2068 δόξαν
1229 1997 1414 2078 posuerant,

236 2096 284 2161 ibi
303 2096 500 2162 Aristoteles
520 2095 692 2181 ἐμπειρίαν
712 2094 767 2180 (of.
787 2094 1043 2182 Anaxagoram),
1066 2097 1123 2161 ubi
1146 2097 1195 2161 illi
1219 2096 1413 2182 ἐπιστήμην,

236 2204 283 2269 ibi
310 2203 364 2269 hie
386 2200 506 2288 τέχνην
533 2200 588 2268 καὶ
616 2201 797 2287 ἐπιστήμην
826 2201 881 2282 (of.
901 2201 1148 2289 Anaxagoram)
1171 2203 1305 2288 diceret,
1333 2205 1413 2270 veri-

237 2309 403 2375 simillime
437 2310 541 2374 oonioi
573 2313 698 2395 potest,
735 2309 835 2375 etiam
867 2308 1097 2396 Anaxagoram
1134 2310 1300 2376 decretum
1331 2312 1413 2378 illud
1479 2330 1482 2336 ·

236 2417 526 2483 Alcmaeonianum
554 2417 737 2500 professum
767 2413 880 2502 esse.³)
910 2453 951 2462 -
980 2415 1174 2482 Manifestus
1201 2419 1236 2481 in
1264 2419 1413 2504 embryo-

236 2523 353 2611 logiois
391 2545 577 2589 consensus.
625 2520 742 2588 Samen
779 2523 879 2588 etiam
915 2522 1054 2588 feminas
1092 2523 1240 2588 emittere
1277 2529 1412 2611 uberque

236 2631 351 2716 oredit3
383 2631 422 2695 de
449 2631 541 2715 pullo
571 2630 649 2714 quid
679 2631 845 2714 putaverit
874 2629 1086 2715 Anaxagoras
1120 2631 1239 2698 dooent
1267 2631 1412 2697 Crameri

237 2738 394 2803 anecdota
420 2736 571 2802 Parisina
598 2735 647 2801 IV
676 2737 755 2822 274,
784 2738 839 2801 14:
869 2733 1088 2820 Ἀναξαγόρας
1121 2736 1157 2802 ἐν
1184 2749 1254 2814 τοῖς
1281 2739 1414 2823 ἠθικοῖς

237 2844 347 2929 [scrib.
365 2843 532 2928 φυσικοῖς]
557 2842 660 2909 αὐτοῦ
683 2843 833 2924 ὀρνίθων
856 2843 940 2926 γάλα
968 2845 1005 2908 τὸ
1029 2842 1066 2908 ἐν
1088 2854 1158 2920 τοῖς
1185 2843 1263 2922 aare
1292 2848 1412 2911 λευκὸν

238 2947 327 3016 είναί
342 2967 439 3036 ῳησι;
463 2950 548 3016 idem
564 2949 751 3015 Athenaeus
769 2948 913 3015 11571).
946 2949 1095 3034 Denique
1114 2951 1149 3015 in
1167 2949 1256 3015 foetu
1276 2953 1412 3018 oriundo

237 3058 358 3142 etipse
378 3056 546 3122 cerebrum
564 3056 706 3140 primum
724 3056 859 3120 formari
879 3061 988 3121 oenset
1007 3053 1155 3141 (Censor.
1173 3058 1202 3122 d.
1217 3058 1246 3122 d.
1261 3081 1291 3125 n.
1304 3057 1350 3123 Vl
1368 3057 1411 3145 1),

240 3164 359 3249 quippe
383 3163 417 3230 in
441 3163 528 3248 quod
551 3173 663 3228 omnes
685 3162 842 3227 finiantur
865 3185 988 3228 sensus.

328 3395 352 3463 l)
372 3391 446 3447 Plnt
461 3391 489 3446 d.
504 3389 566 3446 fort
583 3407 607 3445 o.
622 3397 638 3445 3
652 3408 718 3461 pag.
733 3395 767 3446 99
781 3390 815 3446 F:
840 3386 925 3447 ...ἐν
945 3399 1014 3445 πᾶσι
1033 3391 1142 3454 τούτοις
1161 3390 1339 3463 ἀτυχέστεροι
1356 3402 1412 3448 τῶν

238 3483 348 3550 θηρίον
369 3477 465 3552 ἐσμέν,
489 3476 620 3554 ἐμπειρίᾳ
639 3477 670 3535 ‹ll
689 3479 737 3535 καὶ
756 3479 851 3550 μνήμῃ
869 3479 919 3534 καὶ
938 3469 1025 3554 σοῳίῳ
1044 3480 1093 3534 aul
1112 3477 1196 3551 τέχνῃ
1214 3481 1286 3536 κατὰ
1302 3479 1411 3548 Ἀναξα-

235 3567 324 3640 γόραν
346 3578 427 3641 σφῶν
450 3567 532 3643 (ἔργῳ
556 3568 694 3638 Sauppius
713 3570 903 3640 Ααιριινᾶίιίίτ
926 3569 1065 3636 Schriften
1086 3585 1151 3638 pag.
1174 3576 1237 3639 78ος
1262 3574 1326 3637 fort.
1347 3567 1411 3644 ἐρίῳ

237 3657 434 3728 Bernardalris)
452 3653 479 3711 r'
496 3658 589 3712 atrata
609 3656 743 3728 χρώμεθα
762 3657 812 3713 καὶ
831 3659 975 3730 βλίττομεν
994 3657 1043 3712 καὶ
1062 3656 1217 3729 ἀμέλγομεν
1236 3663 1291 3714 κτλ.

325 3751 353 3818 9)
371 3745 453 3802 Anal.
472 3749 545 3817 post.
565 3745 591 3800 11
611 3752 652 3814 19,
672 3751 724 3802 100
742 3764 760 3802 a
779 3752 809 3814 ὃς
828 3747 894 3802 Met.
917 3747 942 3800 A
967 3752 990 3815 1,
1011 3747 1332 3804 saturarentur.
1371 3747 1413 3803 cf.

237 3835 265 3890 h.
280 3834 346 3892 diss.
361 3852 426 3906 pag.
441 3842 485 3904 40,
500 3840 525 3890 1.
1050 3903 1053 3908 ,

327 3925 356 3995 ³)
374 3925 441 3979 Fuit
458 3942 521 3979 oum
539 3927 669 3996 putarem
687 3924 848 3980 Phaedonis
867 3925 948 3981 illum
966 3926 1061 3982 loonm
1080 3927 1116 3981 ab
1131 3927 1299 3995 Anaxagora
1317 3926 1411 3996 potius

235 4014 297 4086 ipso
320 4012 437 4084 petiisse
460 4012 606 4085 originem.
642 4013 716 4070 Nam
744 4012 937 4070 Clazomenius
965 4031 1076 4083 quoque
1101 4016 1223 4070 mantem
1245 4015 1276 4068 in
1298 4015 1411 4070 cerebro

235 4103 317 4173 ponit
338 4119 426 4172 eoque
451 4119 547 4158 sensus
570 4103 643 4160 finiri
668 4103 751 4160 dooet
773 4105 846 4159 teste
864 4103 1028 4173 Censorino,
1053 4107 1138 4173 atque
1161 4104 1268 4175 optime
1291 4103 1412 4173 quadrat

238 4191 373 4263 παρέχειν
391 4191 463 4246 illud
481 4192 658 4248 Platonioum
677 4193 723 4263 (ol.
742 4210 807 4264 pag.
821 4196 876 4263 40),
895 4193 1029 4262 quoniam
1048 4193 1083 4248 ad
1103 4210 1198 4249 sensus
1217 4192 1411 4263 percipiendos

237 4297 294 4336 non
317 4281 447 4336 suasoriis
470 4282 567 4350 modo,
594 4299 690 4339 verum
720 4281 807 4337 etiam
828 4282 924 4337 mente
951 4299 1003 4337 nos
1031 4298 1114 4352 egere
1138 4297 1300 4352 persuasum
1325 4281 1412 4336 habet

241 4367 322 4438 (Dox.
343 4374 619 4441 o10‚10;oo·1‚20).
658 4373 696 4426 At
713 4372 789 4426 reete
810 4372 907 4426 monet
925 4370 1140 4426 Kalbflaisehius
1164 4368 1205 4426 eis
1227 4368 1413 4439 philosophis,

238 4457 274 4513 de
293 4457 394 4528 quibas
413 4457 507 4530 agitur
524 4479 551 4531 p.
567 4463 602 4514 96
612 4461 642 4529 Β,
661 4461 765 4531 opponi
779 4460 874 4530 potius
888 4459 1084 4530 Anaxagoram
1104 4459 1253 4514 aPlatone
1273 4458 1310 4528 (p.
1327 4461 1360 4512 97
1370 4456 1410 4526 0).
