3358 5132
746 348 967 411 ..46-

277 509 406 570 tantum
424 506 543 570 nutriri
558 506 741 590 credidisse,
760 507 800 570 ad
817 507 1045 571 Alcmaeonem
1064 505 1231 569 reserenda
1245 527 1315 570 esse
1336 528 1449 590 quam·

271 613 320 677 vis
353 613 541 677 dubitanter
574 613 746 699 significat.
794 611 858 678 Sed
889 635 940 677 res
973 612 1068 697 plene
1101 612 1234 676 incerta.
1281 611 1446 678 Odoribus

270 723 380 784 autem
404 723 562 802 qnantum
586 718 712 804 antiqui
741 719 916 784 tribuerint
943 719 1092 782 alimenti
1114 718 1232 783 docent
1254 717 1445 784 Athenaeus

270 847 342 912 pag.
362 827 405 890 46
420 825 486 890 EF
508 821 561 911 (cf.
583 827 646 891 687
662 822 716 911 D),
735 825 892 910 Hippocr.
911 824 949 889 de
971 825 1058 889 elim.
1077 825 1155 904 §50
1175 822 1238 911 (IX
1258 825 1365 909 119,7
1386 823 1447 912 Ii),

269 932 421 998 Menenia
449 933 509 998 col.
532 931 690 998 XXXVII
713 934 756 999 32
790 929 884 1018 (curn
911 937 991 998 nota
1019 929 1182 1018 Dielesii).
1230 933 1446 1016 Aliquantum

270 1040 372 1104 distat
385 1039 646 1106 Ps.-Arist0telis
666 1037 795 1127 (mirab.
810 1039 947 1104 auscult.
963 1040 993 1123 9,
1012 1060 1085 1125 pag.
1100 1039 1163 1104 831
1183 1062 1202 1105 a
1222 1036 1279 1124 19)
1298 1039 1446 1104 narratio

269 1146 362 1212 haec:
386 1148 424 1211 αἱ
440 1146 476 1212 ἐν
496 1149 711 1234 Κεφαλληνίᾳ
729 1141 819 1229 αἶγες
838 1147 879 1211 οὐ
897 1149 1055 1212 πίνουσιν
1065 1142 1116 1232 (λ),
1135 1146 1179 1223 ὡς
1197 1148 1316 1227 ἔοικεν,
1336 1146 1446 1230 ὥσπερ

269 1253 309 1317 τὰ
332 1254 416 1318 ἄλλα
438 1253 634 1338 τετράποδα,
656 1251 733 1318 καθ’
756 1251 882 1338 ἡμέραν
902 1248 939 1317 di
961 1254 1044 1338 πρὸς
1066 1254 1103 1317 τὸ
1122 1251 1264 1336 πέλαγος
1287 1250 1383 1318 ἀντία
1406 1254 1447 1317 τὰ

270 1362 429 1444 πρόσωπα
452 1364 630 1445 ποιήσασαι
648 1359 829 1445 γάσκοοσιν
848 1361 1075 1445 είσὸεχόμιναι
1093 1359 1133 1423 τὰ
1151 1360 1337 1443 πνεύματος
1362 1382 1445 1444 quae

270 1466 382 1532 eadem
401 1488 440 1530 ex
462 1466 635 1531 Alexandri
655 1465 780 1550 Myndii
804 1465 947 1532 ineuntis
971 1465 1069 1549 primi
1093 1470 1169 1530 ante
1189 1466 1357 1532 Christum
1379 1488 1446 1531 sae-

270 1574 333 1638 culi
357 1573 474 1639 medici
502 1595 539 1639 ac
562 1572 750 1658 philosophi
777 1572 872 1638 libris
902 1595 972 1638 sese
1000 1572 1148 1638 hausisse
1172 1573 1327 1638 Aelianus
1354 1571 1446 1660 (hist.

269 1681 365 1746 anim.
386 1680 413 1744 V
435 1681 491 1766 273
515 1679 553 1745 cf.
572 1677 620 1744 ΠΙ
639 1678 697 1766 32)
721 1680 902 1763 profitetur.

746 1886 880 1955 nrcgm.
905 1885 964 1941 VI.

360 2019 549 2103 Theophr.
565 2017 592 2083 l.
606 2019 627 2084 l.
646 2018 690 2084 25
709 2018 805 2103 (Dox.
825 2019 900 2103 506,
919 2015 990 2105 26):
1014 2019 1142 2105 γλώττη
1166 2016 1203 2084 dl
1223 2023 1302 2098 τοὺς
1319 2025 1448 2108 χυμοὺς

268 2129 410 2211 κρίνειν·
439 2127 579 2212 χλιαρολν
602 2127 665 2213 γὰρ
687 2121 793 2192 οὖσαν
816 2124 870 2191 καλ
894 2128 1044 2209 μαλακὴν
1067 2129 1178 2211 τήκειν
1197 2136 1235 2212 τῇ
1254 2131 1447 2212 θερμότητι,

270 2231 426 2318 δέχεσθαι
450 2229 487 2298 dt
510 2231 566 2299 καλ
589 2233 778 2299 διαδιδόναι
807 2234 862 2297 διὰ
885 2235 947 2316 τὴν
970 2236 1136 2318 μανότητα
1161 2244 1220 2318 τῆς
1243 2234 1448 2319 ἁπαλότητος

268 2337 450 2424 (μανότητα
472 2337 527 2405 καλ
551 2338 738 2424 ἁπαλότητα
762 2338 984 2404 verisimiliter
1007 2342 1089 2407 coni.
1109 2338 1335 2429 Wimmerus).

356 2446 454 2511 Plut.
477 2446 583 2532 Epit.
606 2446 654 2511 IV
676 2447 716 2512 18
741 2443 837 2533 (Dox.
856 2449 920 2512 407
946 2445 1056 2535 a12):
1077 2445 1260 2531 Ἀλκμαίων
1283 2458 1329 2536 τῷ
1353 2449 1445 2538 ὑγρςό

266 2551 389 2642 καὶτῷ
412 2559 536 2642 χλιαρςό
565 2562 611 2642 τῷ
640 2553 677 2620 ἐν
700 2563 739 2640 τῇ
763 2557 889 2642 γλώττη
916 2557 1000 2639 πρὸς
1026 2565 1065 2640 τῇ
1093 2557 1293 2640 μαλακότητι
1319 2557 1447 2640 διακρί-

267 2667 388 2726 νεσθαι
411 2664 489 2737 τοὺς
511 2662 645 2747 χυμούς.
669 2700 713 2709 -

356 2768 503 2833 Primum
531 2769 663 2854 linguae
692 2769 857 2834 caliditate
886 2769 1034 2835 ciborum
1062 2771 1132 2835 suci
1165 2771 1346 2852 diluuntur3
1378 2771 1446 2836 iam

269 2874 391 2940 crebris
416 2876 547 2960 linguae
571 2876 661 2960 poris
692 2874 745 2961 (τῇ
769 2879 968 2960 μαλακότητι
992 2878 1042 2941 vel
1066 2880 1225 2961 μανότητι
1249 2877 1300 2942 vel
1323 2875 1446 2941 ἁπαλό-

267 2981 354 3068 τητι)
383 2983 475 3068 quasi
499 2981 670 3070 spongia¹)
695 2983 900 3067 excipiuntur
928 2985 1024 3048 etad
1050 2986 1218 3050 cerebrum
1246 3007 1348 3070 usque
1375 3008 1445 3070 per-

268 3091 437 3156 ducuntur.

637 3207 639 3212 '
739 3209 871 3278 Fragnu
895 3208 972 3264 VH.

358 3341 549 3425 Theophr.
569 3342 589 3406 l.
604 3342 624 3405 l.
644 3344 686 3407 26
707 3338 814 3427 (Dox.
833 3342 908 3427 506,
923 3339 994 3427 28):
1013 3341 1211 3427 ὀφθαλμοὺς
1229 3339 1266 3408 dl
1285 3345 1368 3429 ὁρᾶν
1388 3346 1445 3411 διὰ

267 3457 329 3513 τοῦ
351 3446 444 3530 πέριξ
467 3447 603 3525 ὕδατος·
627 3448 678 3514 ὅτι
702 3444 731 3512 d'
757 3451 822 3534 ἔχει
844 3458 911 3533 πῦρ
936 3450 1040 3531 δῆλον
1058 3443 1157 3513 εἶναι·
1181 3449 1362 3535 πληγέντος
1380 3453 1444 3537 γὰρ

269 3552 455 3639 ἐκλάμπειν.
493 3554 575 3634 ὁρᾶν
599 3551 636 3620 δὲ
659 3564 704 3643 τῷ
727 3559 897 3641 στίλβοντι
919 3554 974 3620 καὶ
997 3565 1042 3644 τῷ
1063 3557 1230 3641 διαφανεῖ,
1252 3557 1332 3622 ὅταν
1355 3557 1445 3624 ἀντι-

267 3664 383 3746 φαίνη,
406 3659 461 3726 καὶ
485 3661 551 3751 ὅσῳ
576 3661 619 3727 ἂν
642 3662 878 3746 καθαρώτερον
900 3654 934 3748 ᾖ,
957 3666 1094 3746 μᾶλλον.

282 3815 287 3828 .
358 3767 461 3834 Stob.
484 3769 564 3835 Ecl.
582 3769 695 3853 Phys.
714 3768 730 3833 I
748 3769 791 3834 52
815 3767 921 3856 (Dox.
940 3770 1006 3834 404
1025 3771 1046 3833 b
1066 3766 1137 3856 23):
1158 3767 1340 3856 Ἀλκμαίων
1363 3774 1444 3838 κατὰ

266 3877 328 3960 τὴν
351 3885 411 3941 τοῦ
435 3878 620 3960 διαφανοῦς
642 3875 819 3960 ἀντίληψιν
843 3872 927 3962 (scil.
950 3877 1011 3960 τὴν
1034 3877 1151 3961 ὅρασιν
1175 3877 1374 3966 γίγνεσθαι).

375 3999 575 4070 ἀντίληψιν]
595 3999 767 4068 ἀντιλαμψιν
788 3999 860 4052 ‘non
877 3999 1045 4068 necessario,
1069 4001 1099 4053 at
1116 3999 1176 4054 veri
1195 4001 1340 4055 similiter’
1361 4001 1449 4074 corri3

303 4087 425 4160 gendum
449 4090 533 4158 putat
555 4087 693 4142 Dielesius
717 4087 813 4158 (proll.
832 4090 901 4156 223)
930 4089 1032 4142 collato
1058 4087 1246 4158 Theophrasti
1272 4091 1444 4160 ἀναφαίνει.

304 4177 392 4246 Quem
413 4178 538 4248 sequitur
551 4175 713 4246 Tanneryus
733 4179 771 4247 (p.
786 4177 873 4250 l'hist.
888 4175 915 4231 d.
930 4178 948 4231 l.
965 4178 1073 4232 science
1092 4179 1157 4233 hell.
1172 4196 1236 4251 pag.
1251 4182 1328 4248 204)=
1348 4181 1376 4234 λα
1394 4197 1445 4235 oue

302 4289 320 4324 α
336 4271 390 4324 lieu
407 4286 461 4338 par
476 4269 500 4322 le
515 4269 682 4336 contre-effet
700 4269 738 4322 du
753 4268 898 4336 diophane.
927 4267 1065 4337 Equidem
1079 4268 1107 4322 in
1123 4268 1274 4337 ἀντίληψιν
1288 4269 1444 4336 acquiesco.

269 4399 482 4408 .....—..-.—-.

359 4487 384 4553 1)
403 4484 445 4538 cf.
460 4483 616 4552 Diogenem
630 4482 842 4553 Apolloniatam
855 4481 990 4552 καθάπερ
1005 4482 1062 4537 ἀπὸ
1077 4491 1212 4554 σπογγιᾶς
1225 4481 1295 4538 Dox.
1310 4489 1362 4538 407
1374 4499 1391 4536 a
1401 4488 1444 4540 20.
