3358 5132
634 1023 827 1097 Prima
858 1043 999 1118 pars,

470 1277 516 1346 Ilo
545 1277 758 1347 Alcmeonis
786 1278 914 1364 aetate,
943 1278 1033 1362 vita,
1061 1276 1162 1348 libro.

319 1429 474 1494 Alcmaeo
504 1428 697 1495 Crotoniata
728 1432 847 1514 quibus
875 1431 1078 1515 temporibus
1106 1431 1225 1494 vixerit
1252 1451 1405 1514 quaeren-

229 1535 318 1598 tibus
342 1537 571 1602 celeberrimus
590 1538 685 1602 nobis
705 1539 848 1602 ooourrit
866 1537 1056 1602 Aristotelis
1076 1538 1132 1600 illa
1150 1536 1242 1602 locus
1261 1535 1404 1620 Metaph.

232 1643 257 1706 A
275 1643 296 1706 5
318 1665 349 1726 p.
365 1644 455 1708 assa
473 1643 529 1708 22:
558 1643 663 1726 ἕτεροι
687 1641 724 1708 al
746 1656 813 1709 τῶν
837 1645 948 1709 αὐτῶν
970 1647 1099 1710 τούτων
1120 1645 1178 1720 τὰς
1201 1643 1303 1728 ἀρχὰς
1326 1641 1405 1708 δέκα

230 1745 385 1830 λέγουσιν
408 1745 494 1814 εἶναι
517 1751 574 1826 τὰς
596 1751 678 1815 κατὰ
697 1755 890 1836 συστοιχίαν
909 1750 1098 1835 λεγομένας,
1120 1749 1222 1832 πέρας
1240 1747 1295 1813 καλ
1314 1751 1405 1813 ἀπει-

229 1878 302 1937 ρον,
324 1858 478 1937 περιττὸν
500 1855 556 1920 καὶ
574 1858 701 1939 ἀρτιον,
723 1858 760 1921 ἓν
778 1856 833 1922 καλ
851 1863 991 1941 πλῆθος,
1015 1856 1125 1935 δεξιὸν
1143 1855 1198 1921 καὶ
1217 1855 1404 1941 ἀριστερόν,

229 1963 330 2046 ἄρρεν
353 1960 409 2027 καὶ
431 1968 531 2045 θῆλυ,
556 1964 702 2048 ἠρεμοῦν
725 1963 779 2028 καὶ
802 1966 1013 2049 κινούμενον,
1035 1965 1123 2028 εὐθὺ
1146 1961 1201 2028 καὶ
1219 1964 1405 2047 καμπύλον,

230 2080 302 2150 φῶς
319 2066 374 2133 καλ
393 2073 519 2152 σκότος,
542 2068 746 2153 ἀγαθὸνκαὶ
765 2074 879 2154 κακόν,
897 2072 1106 2153 τετράγωνον
1129 2068 1184 2135 καὶ
1203 2068 1405 2155 ἑτερόμηκες.

230 2175 332 2260 ὅνπερ
359 2179 483 2261 τρόπον
511 2180 596 2242 ἔοικε
623 2175 678 2242 καὶ
698 2172 883 2263 Ἀλκμαίων
910 2180 928 2244 ό
952 2178 1185 2261 Κροτωνιάτης
1211 2177 1403 2260 ὑπολαβεῖν,

230 2280 285 2346 καὶ
306 2283 380 2365 ἤτοι
404 2278 500 2358 οὗτος
522 2281 596 2369 παρ’
622 2283 759 2349 ἐκείνων
782 2283 802 2367 ἢ
826 2284 946 2350 ἐκεῖνοι
970 2286 1058 2369 παρὰ
1076 2286 1197 2349 τούτου
1215 2280 1405 2366 παρέλαβον

229 2390 413 2471 τὸνλόγον
436 2400 569 2454 τοῦτον·
593 2388 648 2454 καὶ
671 2392 734 2476 γὰρ
757 2389 887 2474 ἐγένετο
910 2392 970 2473 τὴν
992 2392 1124 2475 ἡλικίαν
1144 2387 1328 2474 Ἀλκμαίων
1352 2386 1405 2454 etl

231 2493 362 2580 γέροντι
381 2500 583 2583 Πυθαγόρᾳ,
606 2497 797 2580 ἀπεφήνατο
821 2494 858 2562 δέ
880 2502 1116 2581 παραπλησίως
1138 2499 1277 2574 τούτοις,
1322 2494 1405 2580 φησὶ

230 2604 293 2686 γάρ
316 2597 402 2667 εἶναι
426 2603 489 2668 δύο
511 2605 551 2668 τά
574 2605 681 2669 πολλά
703 2616 771 2669 τῶν
794 2603 1032 2688 ἀνθρωπίνων,
1056 2602 1163 2687 λέγων
1183 2605 1240 2680 τὰς
1259 2603 1405 2668 ἐναντιό-

229 2733 327 2791 τητας
350 2710 411 2795 οάχ
434 2711 544 2795 ὥσπερ
572 2706 666 2776 οὗτοι
690 2711 909 2795 διωρισμένας
936 2711 1020 2775 ἀλλὰ
1043 2711 1102 2787 τάς
1123 2712 1303 2794 τυχούσας,
1331 2701 1405 2775 οἷον

230 2819 350 2881 λευκὸν
382 2815 501 2901 μέλαν,
533 2821 638 2900 γλυκὺ
670 2822 804 2903 πικρόν,
844 2818 975 2901 ἀγαθὸν
1007 2820 1126 2901 κακόν,
1162 2817 1245 2902 μέγα
1277 2820 1405 2901 μικρόν.

230 2919 327 3000 οὗτος
354 2920 415 3008 μὲν
443 2919 506 2989 οὖν
534 2924 730 3007 ἀδιορίστως
757 2923 917 3010 ἀπέρριψε
944 2922 1020 3009 περὶ
1042 2936 1109 2989 τῶν
1137 2930 1280 3006 λοιπῶν,
1308 2925 1344 2989 ολ
1368 2921 1405 2988 ol

232 3034 462 3114 Πυθαγόρειοι
490 3029 545 3096 καὶ
572 3034 673 3096 πόσαι
699 3030 755 3096 καὶ
782 3035 870 3109 τίνες
895 3033 933 3095 at
952 3031 1162 3108 ἐναντιώσεις
1184 3032 1405 3115 ἀπεφήναντο.

231 3139 319 3219 παρὰ
342 3134 404 3222 μὲν
427 3132 490 3203 οὖν
508 3140 637 3203 τούτων
654 3137 780 3222 ἀμφοῖν
798 3147 959 3204 τοσοῦτον
979 3141 1047 3203 ἔστι
1067 3142 1194 3222 λαβεῖν,
1217 3127 1267 3202 ὅτι
1286 3137 1405 3202 τάναν-

230 3249 283 3308 τία
306 3243 403 3329 ἀρχαὶ
425 3257 492 3311 τῶν
516 3248 637 3310 ὄντων·
661 3247 699 3310 τὸ
723 3241 752 3308 ‹l'
781 3245 856 3310 όσαι
878 3247 967 3330 παρὰ
989 3256 1056 3310 τῶν
1081 3242 1218 3330 ἑτέρων,
1240 3243 1296 3310 καὶ
1318 3249 1405 3322 τίνες

232 3346 331 3416 αὗταί
351 3354 436 3417 εἰσιν
458 3359 526 3418 κτλ.
573 3353 663 3429 Quae
686 3354 785 3418 verba
813 3376 892 3418 num
919 3353 1029 3417 omnia
1052 3351 1121 3416 iure
1146 3353 1318 3416 Aristoteli
1346 3353 1406 3416 tri-

232 3461 373 3524 buantur
400 3460 591 3524 Brandisius
599 3457 624 3546 1)
656 3465 690 3524 et
722 3457 900 3547 Zellerus¹)
932 3465 965 3525 et
994 3456 1251 3546 Schweglerus³)
1284 3463 1318 3524 et
1350 3460 1405 3543 qui

229 3571 306 3650 post
325 3564 489 3653 Unnam⁴)
512 3568 632 3632 iterum
650 3567 858 3633 Alcmaeonis
882 3567 1067 3654 fragmenta
1090 3566 1192 3630 edidit
1211 3563 1405 3653 Sanderus⁵)

231 3673 384 3738 dubitant
412 3679 446 3739 et
469 3675 631 3758 imprimis
656 3669 885 3739 sententiolam
910 3674 1001 3739 illam
1024 3674 1231 3738 interiectam
1258 3671 1313 3738 καὶ
1341 3674 1405 3757 γὰρ

231 3778 361 3862 ἐγένετο
384 3782 445 3863 τὴν
467 3781 600 3865 ἡλικίαν
620 3779 803 3865 Ἀλκμαίων
832 3778 885 3845 ἐπὶ
913 3780 1045 3866 γέροντι
1069 3781 1258 3865 Πυθαγόρᾳ
1286 3783 1323 3842 ut
1351 3802 1405 3844 ex-

230 3887 390 3952 trinsecus
409 3888 493 3953 falso
513 3889 657 3952 additam
681 3889 786 3952 delere
810 3888 922 3971 itaque
943 3889 1050 3972 legere
1069 3888 1210 3951 malunt:
1241 3937 1337 3950 .....
1351 3885 1405 3949 όν-

323 4081 348 4146 1)
368 4079 528 4137 Ηοκάόκιλι
546 4083 594 4136 der
614 4081 769 4136 Goocoicate
787 4082 834 4136 der
852 4082 1030 4152 arioch-rom.
1049 4081 1222 4150 Philosophia
1241 4081 1252 4133 I
1268 4085 1329 4135 50l.

319 4173 346 4236 a)
368 4167 545 4240 Ριιιωῳιιι
563 4171 611 4224 ιο
630 4169 762 4224 saccom
781 4169 807 4222 1⁶
822 4175 845 4238 1,
860 4175 920 4225 ιω.

320 4258 348 4326 3)
366 4256 521 4314 comment.
542 4259 578 4312 ad
596 4259 680 4312 Arist.
695 4257 761 4313 Met.
781 4259 799 4312 l.
814 4257 833 4313 1.

320 4350 347 4416 4)
366 4347 397 4400 ln
416 4346 561 4403 Peterseni
579 4348 934 4420 Ρλιίλολορίεολι-λίείονίειλιι
953 4347 1070 4402 Studien
1089 4345 1256 4416 (Hamburgi
1279 4351 1364 4419 1832).

320 4440 348 4508 ὁ)
367 4437 531 4508 Ρτορτοουπ
548 4453 602 4494 νου
625 4438 792 4509 Ψίίίικόινς
810 4437 862 4492 Νο.
878 4442 930 4492 2⁶⁹
948 4437 1049 4504 (1893).

1157 4527 1192 4582 ι*
