<?xml version="1.0" encoding="UTF-8"?>
<!DOCTYPE html PUBLIC "-//W3C//DTD XHTML 1.0 Transitional//EN"
    "http://www.w3.org/TR/xhtml1/DTD/xhtml1-transitional.dtd">
<html xmlns="http://www.w3.org/1999/xhtml" xml:lang="en" lang="en">
 <head>
  <title>
</title>
<meta http-equiv="Content-Type" content="text/html;charset=utf-8" />
  <meta name='ocr-system' content='tesseract 3.04.00' />
  <meta name='ocr-capabilities' content='ocr_page ocr_carea ocr_par ocr_line ocrx_word'/>
</head>
<body>
  <div class='ocr_page' id='page_1' title='image "./dealcmaeonecrot00wachgoog_0092.png"; bbox 0 0 3358 5132; ppageno 0'>
   <div class='ocr_carea' id='block_1_1' title="bbox 706 385 926 450">
    <p class='ocr_par' dir='ltr' id='par_1_1' title="bbox 706 385 926 450">
     <span class='ocr_line' id='line_1_1' title="bbox 706 385 926 450; baseline 0 -20"><span class='ocrx_word' id='word_1_1' title='bbox 706 385 926 450; x_wconf 68' lang='lat' dir='ltr'>..gp-</span> 
     </span>
    </p>
   </div>
   <div class='ocr_carea' id='block_1_2' title="bbox 222 543 1405 4580">
    <p class='ocr_par' dir='ltr' id='par_1_2' title="bbox 226 543 1405 1163">
     <span class='ocr_line' id='line_1_2' title="bbox 230 543 1405 631; baseline 0.003 -23"><span class='ocrx_word' id='word_1_2' title='bbox 230 543 332 608; x_wconf 87' lang='lat' dir='ltr'>trario</span> <span class='ocrx_word' id='word_1_3' title='bbox 352 543 393 608; x_wconf 97' lang='lat' dir='ltr'>ad</span> <span class='ocrx_word' id='word_1_4' title='bbox 412 543 551 608; x_wconf 84' lang='lat' dir='ltr'>alterum</span> <span class='ocrx_word' id='word_1_5' title='bbox 571 547 704 628; x_wconf 86' lang='lat' dir='ltr'>tractae,</span> <span class='ocrx_word' id='word_1_6' title='bbox 727 565 855 629; x_wconf 83' lang='lat' dir='ltr'><strong>semper</strong></span> <span class='ocrx_word' id='word_1_7' title='bbox 872 543 959 610; x_wconf 89' lang='lat' dir='ltr'>inter</span> <span class='ocrx_word' id='word_1_8' title='bbox 977 545 1142 610; x_wconf 89' lang='lat' dir='ltr'>contraria</span> <span class='ocrx_word' id='word_1_9' title='bbox 1161 546 1254 631; x_wconf 82' lang='lat' dir='ltr'>quasi</span> <span class='ocrx_word' id='word_1_10' title='bbox 1273 567 1405 631; x_wconf 89' lang='lat' dir='ltr'>suspen·</span> 
     </span>
     <span class='ocr_line' id='line_1_3' title="bbox 230 648 1404 736; baseline 0.003 -21"><span class='ocrx_word' id='word_1_11' title='bbox 230 671 284 715; x_wconf 88' lang='lat' dir='ltr'>sae</span> <span class='ocrx_word' id='word_1_12' title='bbox 303 650 414 735; x_wconf 87' lang='lat' dir='ltr'>itaque</span> <span class='ocrx_word' id='word_1_13' title='bbox 433 671 544 715; x_wconf 88' lang='lat' dir='ltr'>eorum</span> <span class='ocrx_word' id='word_1_14' title='bbox 568 650 744 736; x_wconf 77' lang='lat' dir='ltr'>participes</span> <span class='ocrx_word' id='word_1_15' title='bbox 769 651 843 718; x_wconf 92' lang='lat' dir='ltr'>sint.</span> <span class='ocrx_word' id='word_1_16' title='bbox 876 648 998 716; x_wconf 81' lang='lat' dir='ltr'>Contra</span> <span class='ocrx_word' id='word_1_17' title='bbox 1017 651 1170 718; x_wconf 89' lang='lat' dir='ltr'>Alcmaeo</span> <span class='ocrx_word' id='word_1_18' title='bbox 1194 674 1233 718; x_wconf 83' lang='lat' dir='ltr'>ex</span> <span class='ocrx_word' id='word_1_19' title='bbox 1251 653 1347 718; x_wconf 91' lang='lat' dir='ltr'>initio</span> <span class='ocrx_word' id='word_1_20' title='bbox 1370 653 1404 718; x_wconf 93' lang='lat' dir='ltr'>in</span> 
     </span>
     <span class='ocr_line' id='line_1_4' title="bbox 230 757 1404 845; baseline 0.003 -23"><span class='ocrx_word' id='word_1_21' title='bbox 230 757 350 822; x_wconf 92' lang='lat' dir='ltr'>mundo</span> <span class='ocrx_word' id='word_1_22' title='bbox 374 757 511 822; x_wconf 74' lang='lat' dir='ltr'>existere</span> <span class='ocrx_word' id='word_1_23' title='bbox 535 758 699 823; x_wconf 86' lang='lat' dir='ltr'>contraria</span> <span class='ocrx_word' id='word_1_24' title='bbox 726 779 830 843; x_wconf 88' lang='lat' dir='ltr'>neque</span> <span class='ocrx_word' id='word_1_25' title='bbox 853 757 919 823; x_wconf 91' lang='lat' dir='ltr'>alio</span> <span class='ocrx_word' id='word_1_26' title='bbox 943 759 1083 843; x_wconf 91' lang='lat' dir='ltr'>quodam</span> <span class='ocrx_word' id='word_1_27' title='bbox 1106 781 1123 823; x_wconf 89' lang='lat' dir='ltr'>e</span> <span class='ocrx_word' id='word_1_28' title='bbox 1147 759 1307 845; x_wconf 89' lang='lat' dir='ltr'>principio</span> <span class='ocrx_word' id='word_1_29' title='bbox 1331 764 1404 825; x_wconf 91' lang='lat' dir='ltr'>orta</span> 
     </span>
     <span class='ocr_line' id='line_1_5' title="bbox 226 863 1403 952; baseline 0.003 -23"><span class='ocrx_word' id='word_1_30' title='bbox 226 885 306 946; x_wconf 88' lang='lat' dir='ltr'>esse,</span> <span class='ocrx_word' id='word_1_31' title='bbox 324 863 425 928; x_wconf 89' lang='lat' dir='ltr'>immo</span> <span class='ocrx_word' id='word_1_32' title='bbox 440 864 512 949; x_wconf 90' lang='lat' dir='ltr'>ipsa</span> <span class='ocrx_word' id='word_1_33' title='bbox 527 864 687 951; x_wconf 91' lang='lat' dir='ltr'>principia</span> <span class='ocrx_word' id='word_1_34' title='bbox 705 887 776 930; x_wconf 88' lang='lat' dir='ltr'>esse</span> <span class='ocrx_word' id='word_1_35' title='bbox 795 864 971 931; x_wconf 85' lang='lat' dir='ltr'>existimat.</span> <span class='ocrx_word' id='word_1_36' title='bbox 1000 864 1073 942; x_wconf 84' lang='lat' dir='ltr'>Qua</span> <span class='ocrx_word' id='word_1_37' title='bbox 1091 887 1125 930; x_wconf 91' lang='lat' dir='ltr'>re</span> <span class='ocrx_word' id='word_1_38' title='bbox 1145 866 1190 950; x_wconf 87' lang='lat' dir='ltr'>fit,</span> <span class='ocrx_word' id='word_1_39' title='bbox 1209 870 1246 931; x_wconf 91' lang='lat' dir='ltr'>ut</span> <span class='ocrx_word' id='word_1_40' title='bbox 1264 867 1297 931; x_wconf 91' lang='lat' dir='ltr'>id</span> <span class='ocrx_word' id='word_1_41' title='bbox 1317 868 1403 952; x_wconf 91' lang='lat' dir='ltr'>quod</span> 
     </span>
     <span class='ocr_line' id='line_1_6' title="bbox 228 969 1403 1060; baseline 0.004 -26"><span class='ocrx_word' id='word_1_42' title='bbox 228 969 415 1034; x_wconf 78' lang='lat' dir='ltr'>Heraclitus</span> <span class='ocrx_word' id='word_1_43' title='bbox 430 970 620 1054; x_wconf 76' lang='lat' dir='ltr'>saepissime</span> <span class='ocrx_word' id='word_1_44' title='bbox 634 971 736 1057; x_wconf 86' lang='lat' dir='ltr'>ponit,</span> <span class='ocrx_word' id='word_1_45' title='bbox 757 971 894 1038; x_wconf 89' lang='lat' dir='ltr'>alterum</span> <span class='ocrx_word' id='word_1_46' title='bbox 909 971 1110 1036; x_wconf 89' lang='lat' dir='ltr'>contrarium</span> <span class='ocrx_word' id='word_1_47' title='bbox 1129 973 1214 1038; x_wconf 84' lang='lat' dir='ltr'>idem</span> <span class='ocrx_word' id='word_1_48' title='bbox 1229 995 1299 1039; x_wconf 84' lang='lat' dir='ltr'>asse</span> <span class='ocrx_word' id='word_1_49' title='bbox 1318 976 1403 1060; x_wconf 89' lang='lat' dir='ltr'>qnod</span> 
     </span>
     <span class='ocr_line' id='line_1_7' title="bbox 229 1076 1299 1163; baseline 0.005 -23"><span class='ocrx_word' id='word_1_50' title='bbox 229 1076 379 1162; x_wconf 80' lang='lat' dir='ltr'>alterum,</span> <span class='ocrx_word' id='word_1_51' title='bbox 402 1077 442 1140; x_wconf 90' lang='lat' dir='ltr'>ab</span> <span class='ocrx_word' id='word_1_52' title='bbox 467 1076 677 1143; x_wconf 89' lang='lat' dir='ltr'>Alcmaeonis</span> <span class='ocrx_word' id='word_1_53' title='bbox 700 1078 853 1163; x_wconf 89' lang='lat' dir='ltr'>opinione</span> <span class='ocrx_word' id='word_1_54' title='bbox 877 1099 975 1162; x_wconf 89' lang='lat' dir='ltr'>quam</span> <span class='ocrx_word' id='word_1_55' title='bbox 999 1079 1138 1144; x_wconf 85' lang='lat' dir='ltr'>maxime</span> <span class='ocrx_word' id='word_1_56' title='bbox 1162 1081 1299 1146; x_wconf 90' lang='lat' dir='ltr'>recedat.</span> 
     </span>
    </p>

    <p class='ocr_par' dir='ltr' id='par_1_3' title="bbox 224 1183 1403 2126">
     <span class='ocr_line' id='line_1_8' title="bbox 316 1183 1403 1270; baseline 0.006 -23"><span class='ocrx_word' id='word_1_57' title='bbox 316 1183 386 1247; x_wconf 92' lang='lat' dir='ltr'>Iam</span> <span class='ocrx_word' id='word_1_58' title='bbox 413 1205 454 1249; x_wconf 96' lang='lat' dir='ltr'>ne</span> <span class='ocrx_word' id='word_1_59' title='bbox 483 1184 618 1249; x_wconf 87' lang='lat' dir='ltr'>alterius</span> <span class='ocrx_word' id='word_1_60' title='bbox 646 1185 777 1268; x_wconf 88' lang='lat' dir='ltr'>quidem</span> <span class='ocrx_word' id='word_1_61' title='bbox 810 1184 896 1268; x_wconf 90' lang='lat' dir='ltr'>qnod</span> <span class='ocrx_word' id='word_1_62' title='bbox 924 1188 976 1250; x_wconf 91' lang='lat' dir='ltr'>est</span> <span class='ocrx_word' id='word_1_63' title='bbox 1004 1207 1021 1248; x_wconf 94' lang='lat' dir='ltr'>e</span> <span class='ocrx_word' id='word_1_64' title='bbox 1048 1185 1213 1270; x_wconf 89' lang='lat' dir='ltr'>primariis</span> <span class='ocrx_word' id='word_1_65' title='bbox 1242 1186 1403 1253; x_wconf 81' lang='lat' dir='ltr'>Heracliti</span> 
     </span>
     <span class='ocr_line' id='line_1_9' title="bbox 227 1290 1403 1377; baseline 0.003 -21"><span class='ocrx_word' id='word_1_66' title='bbox 227 1290 366 1356; x_wconf 83' lang='lat' dir='ltr'>decretis</span> <span class='ocrx_word' id='word_1_67' title='bbox 390 1291 428 1356; x_wconf 88' lang='lat' dir='ltr'>de</span> <span class='ocrx_word' id='word_1_68' title='bbox 453 1290 540 1376; x_wconf 90' lang='lat' dir='ltr'>ignis</span> <span class='ocrx_word' id='word_1_69' title='bbox 563 1291 723 1375; x_wconf 91' lang='lat' dir='ltr'>principio</span> <span class='ocrx_word' id='word_1_70' title='bbox 743 1291 884 1377; x_wconf 89' lang='lat' dir='ltr'>vestigia</span> <span class='ocrx_word' id='word_1_71' title='bbox 907 1293 991 1375; x_wconf 90' lang='lat' dir='ltr'>apud</span> <span class='ocrx_word' id='word_1_72' title='bbox 1009 1290 1241 1358; x_wconf 81' lang='lat' dir='ltr'>Alcmaeonem</span> <span class='ocrx_word' id='word_1_73' title='bbox 1263 1293 1403 1360; x_wconf 87' lang='lat' dir='ltr'>invenio.</span> 
     </span>
     <span class='ocr_line' id='line_1_10' title="bbox 226 1396 1402 1486; baseline 0.005 -25"><span class='ocrx_word' id='word_1_74' title='bbox 226 1396 341 1482; x_wconf 86' lang='lat' dir='ltr'>Neque</span> <span class='ocrx_word' id='word_1_75' title='bbox 370 1396 457 1461; x_wconf 89' lang='lat' dir='ltr'>enim</span> <span class='ocrx_word' id='word_1_76' title='bbox 484 1419 622 1482; x_wconf 87' lang='lat' dir='ltr'>usquam</span> <span class='ocrx_word' id='word_1_77' title='bbox 651 1398 807 1464; x_wconf 88' lang='lat' dir='ltr'>maiorem</span> <span class='ocrx_word' id='word_1_78' title='bbox 830 1397 897 1463; x_wconf 86' lang='lat' dir='ltr'>vim</span> <span class='ocrx_word' id='word_1_79' title='bbox 926 1398 1074 1464; x_wconf 89' lang='lat' dir='ltr'>concedit</span> <span class='ocrx_word' id='word_1_80' title='bbox 1102 1399 1199 1464; x_wconf 90' lang='lat' dir='ltr'>calidi</span> <span class='ocrx_word' id='word_1_81' title='bbox 1227 1399 1402 1486; x_wconf 83' lang='lat' dir='ltr'>frigidique</span> 
     </span>
     <span class='ocr_line' id='line_1_11' title="bbox 226 1503 1402 1592; baseline 0.003 -22"><span class='ocrx_word' id='word_1_82' title='bbox 226 1503 399 1570; x_wconf 79' lang='lat' dir='ltr'>contrariis</span> <span class='ocrx_word' id='word_1_83' title='bbox 423 1525 520 1588; x_wconf 90' lang='lat' dir='ltr'>quam</span> <span class='ocrx_word' id='word_1_84' title='bbox 545 1505 673 1589; x_wconf 88' lang='lat' dir='ltr'>ceteris,</span> <span class='ocrx_word' id='word_1_85' title='bbox 702 1505 750 1570; x_wconf 93' lang='lat' dir='ltr'>ita</span> <span class='ocrx_word' id='word_1_86' title='bbox 777 1509 815 1570; x_wconf 91' lang='lat' dir='ltr'>ut</span> <span class='ocrx_word' id='word_1_87' title='bbox 843 1505 942 1570; x_wconf 90' lang='lat' dir='ltr'>etiam</span> <span class='ocrx_word' id='word_1_88' title='bbox 965 1505 999 1569; x_wconf 93' lang='lat' dir='ltr'>in</span> <span class='ocrx_word' id='word_1_89' title='bbox 1024 1527 1159 1589; x_wconf 90' lang='lat' dir='ltr'>corpore</span> <span class='ocrx_word' id='word_1_90' title='bbox 1185 1507 1340 1592; x_wconf 87' lang='lat' dir='ltr'>humano,</span> <span class='ocrx_word' id='word_1_91' title='bbox 1369 1509 1402 1573; x_wconf 87' lang='lat' dir='ltr'>in</span> 
     </span>
     <span class='ocr_line' id='line_1_12' title="bbox 226 1611 1402 1698; baseline 0.004 -23"><span class='ocrx_word' id='word_1_92' title='bbox 226 1633 290 1696; x_wconf 91' lang='lat' dir='ltr'>quo</span> <span class='ocrx_word' id='word_1_93' title='bbox 322 1611 462 1675; x_wconf 86' lang='lat' dir='ltr'>maxime</span> <span class='ocrx_word' id='word_1_94' title='bbox 501 1611 676 1697; x_wconf 88' lang='lat' dir='ltr'>conspicua</span> <span class='ocrx_word' id='word_1_95' title='bbox 707 1615 758 1676; x_wconf 88' lang='lat' dir='ltr'>est</span> <span class='ocrx_word' id='word_1_96' title='bbox 791 1611 887 1677; x_wconf 89' lang='lat' dir='ltr'>calidi</span> <span class='ocrx_word' id='word_1_97' title='bbox 920 1615 1083 1697; x_wconf 91' lang='lat' dir='ltr'>potestas,</span> <span class='ocrx_word' id='word_1_98' title='bbox 1119 1611 1223 1678; x_wconf 90' lang='lat' dir='ltr'>nihilo</span> <span class='ocrx_word' id='word_1_99' title='bbox 1256 1614 1329 1698; x_wconf 88' lang='lat' dir='ltr'>plns</span> <span class='ocrx_word' id='word_1_100' title='bbox 1363 1616 1402 1680; x_wconf 92' lang='lat' dir='ltr'>ad</span> 
     </span>
     <span class='ocr_line' id='line_1_13' title="bbox 226 1717 1402 1804; baseline 0.001 -21"><span class='ocrx_word' id='word_1_101' title='bbox 226 1717 376 1783; x_wconf 88' lang='lat' dir='ltr'>morbum</span> <span class='ocrx_word' id='word_1_102' title='bbox 400 1717 606 1784; x_wconf 85' lang='lat' dir='ltr'>efficiendum</span> <span class='ocrx_word' id='word_1_103' title='bbox 631 1718 736 1783; x_wconf 89' lang='lat' dir='ltr'>valere</span> <span class='ocrx_word' id='word_1_104' title='bbox 760 1741 797 1784; x_wconf 89' lang='grc'>88</span> <span class='ocrx_word' id='word_1_105' title='bbox 822 1722 952 1785; x_wconf 85' lang='grc'><strong>88118881</strong></span> <span class='ocrx_word' id='word_1_106' title='bbox 982 1740 1080 1803; x_wconf 90' lang='lat' dir='ltr'>quam</span> <span class='ocrx_word' id='word_1_107' title='bbox 1106 1719 1211 1783; x_wconf 90' lang='lat' dir='ltr'>dulcis</span> <span class='ocrx_word' id='word_1_108' title='bbox 1235 1720 1402 1804; x_wconf 87' lang='lat' dir='ltr'>amarique</span> 
     </span>
     <span class='ocr_line' id='line_1_14' title="bbox 225 1824 1402 1913; baseline 0.003 -25"><span class='ocrx_word' id='word_1_109' title='bbox 225 1824 398 1889; x_wconf 89' lang='lat' dir='ltr'>contraria.</span> <span class='ocrx_word' id='word_1_110' title='bbox 437 1824 611 1890; x_wconf 89' lang='lat' dir='ltr'>Praeterea</span> <span class='ocrx_word' id='word_1_111' title='bbox 629 1826 799 1890; x_wconf 88' lang='lat' dir='ltr'>stellarum</span> <span class='ocrx_word' id='word_1_112' title='bbox 819 1826 948 1911; x_wconf 88' lang='lat' dir='ltr'>igneam</span> <span class='ocrx_word' id='word_1_113' title='bbox 968 1831 1120 1890; x_wconf 90' lang='lat' dir='ltr'>naturam</span> <span class='ocrx_word' id='word_1_114' title='bbox 1139 1826 1234 1910; x_wconf 91' lang='lat' dir='ltr'>plane</span> <span class='ocrx_word' id='word_1_115' title='bbox 1253 1827 1402 1913; x_wconf 85' lang='lat' dir='ltr'>negligit,</span> 
     </span>
     <span class='ocr_line' id='line_1_15' title="bbox 225 1931 1403 2015; baseline 0.003 -20"><span class='ocrx_word' id='word_1_116' title='bbox 225 1935 353 1995; x_wconf 91' lang='lat' dir='ltr'>motum</span> <span class='ocrx_word' id='word_1_117' title='bbox 377 1931 506 2014; x_wconf 86' lang='lat' dir='ltr'>premit.</span> <span class='ocrx_word' id='word_1_118' title='bbox 552 1931 700 2015; x_wconf 91' lang='lat' dir='ltr'>Denique</span> <span class='ocrx_word' id='word_1_119' title='bbox 723 1931 920 1998; x_wconf 89' lang='lat' dir='ltr'>Aristoteles</span> <span class='ocrx_word' id='word_1_120' title='bbox 944 1931 1022 1996; x_wconf 91' lang='lat' dir='ltr'>Met.</span> <span class='ocrx_word' id='word_1_121' title='bbox 1041 1933 1070 1996; x_wconf 86' lang='lat' dir='ltr'>A</span> <span class='ocrx_word' id='word_1_122' title='bbox 1094 1933 1115 1997; x_wconf 84' lang='lat'>5</span> <span class='ocrx_word' id='word_1_123' title='bbox 1138 1955 1178 1996; x_wconf 91' lang='lat' dir='ltr'>ne</span> <span class='ocrx_word' id='word_1_124' title='bbox 1203 1933 1403 1998; x_wconf 88' lang='lat' dir='ltr'>mentionem</span> 
     </span>
     <span class='ocr_line' id='line_1_16' title="bbox 224 2037 850 2126; baseline 0.003 -24"><span class='ocrx_word' id='word_1_125' title='bbox 224 2037 356 2122; x_wconf 90' lang='lat' dir='ltr'>quidem</span> <span class='ocrx_word' id='word_1_126' title='bbox 380 2037 461 2102; x_wconf 90' lang='lat' dir='ltr'>facit</span> <span class='ocrx_word' id='word_1_127' title='bbox 483 2043 611 2123; x_wconf 80' lang='grc' dir='ltr'><em>θερμοῦ</em></span> <span class='ocrx_word' id='word_1_128' title='bbox 635 2039 687 2103; x_wconf 85' lang='lat' dir='ltr'>vel</span> <span class='ocrx_word' id='word_1_129' title='bbox 709 2047 850 2126; x_wconf 78' lang='grc' dir='ltr'><strong><em>ψυχροῦ.</em></strong></span> 
     </span>
    </p>

    <p class='ocr_par' dir='ltr' id='par_1_4' title="bbox 223 2143 1403 3192">
     <span class='ocr_line' id='line_1_17' title="bbox 315 2143 1402 2233; baseline 0.004 -25"><span class='ocrx_word' id='word_1_130' title='bbox 315 2143 419 2208; x_wconf 92' lang='lat' dir='ltr'>Porro</span> <span class='ocrx_word' id='word_1_131' title='bbox 442 2167 508 2209; x_wconf 92' lang='lat' dir='ltr'>non</span> <span class='ocrx_word' id='word_1_132' title='bbox 531 2144 764 2231; x_wconf 88' lang='lat' dir='ltr'>negligendum</span> <span class='ocrx_word' id='word_1_133' title='bbox 787 2167 858 2211; x_wconf 88' lang='lat' dir='ltr'>esse</span> <span class='ocrx_word' id='word_1_134' title='bbox 884 2146 1018 2230; x_wconf 86' lang='lat' dir='ltr'>videtur,</span> <span class='ocrx_word' id='word_1_135' title='bbox 1043 2146 1206 2230; x_wconf 91' lang='lat' dir='ltr'>quomodo</span> <span class='ocrx_word' id='word_1_136' title='bbox 1230 2147 1268 2212; x_wconf 87' lang='lat' dir='ltr'>de</span> <span class='ocrx_word' id='word_1_137' title='bbox 1294 2148 1402 2233; x_wconf 87' lang='lat' dir='ltr'>cogni-</span> 
     </span>
     <span class='ocr_line' id='line_1_18' title="bbox 224 2251 1401 2337; baseline 0.002 -21"><span class='ocrx_word' id='word_1_138' title='bbox 224 2252 314 2317; x_wconf 87' lang='lat' dir='ltr'>tione</span> <span class='ocrx_word' id='word_1_139' title='bbox 345 2251 489 2317; x_wconf 90' lang='lat' dir='ltr'>humana</span> <span class='ocrx_word' id='word_1_140' title='bbox 526 2255 662 2337; x_wconf 88' lang='lat' dir='ltr'>uterque</span> <span class='ocrx_word' id='word_1_141' title='bbox 700 2253 900 2318; x_wconf 87' lang='lat' dir='ltr'>iudicaverit.</span> <span class='ocrx_word' id='word_1_142' title='bbox 946 2252 1100 2318; x_wconf 79' lang='lat' dir='ltr'>Alcmaeo</span> <span class='ocrx_word' id='word_1_143' title='bbox 1134 2253 1320 2319; x_wconf 86' lang='lat' dir='ltr'>coniectura</span> <span class='ocrx_word' id='word_1_144' title='bbox 1352 2254 1401 2319; x_wconf 88' lang='lat' dir='ltr'>nti</span> 
     </span>
     <span class='ocr_line' id='line_1_19' title="bbox 224 2358 1402 2444; baseline 0.003 -22"><span class='ocrx_word' id='word_1_145' title='bbox 224 2358 370 2423; x_wconf 83' lang='lat' dir='ltr'>modeste</span> <span class='ocrx_word' id='word_1_146' title='bbox 398 2359 567 2444; x_wconf 83' lang='lat' dir='ltr'>gravatur,</span> <span class='ocrx_word' id='word_1_147' title='bbox 594 2363 709 2443; x_wconf 83' lang='lat' dir='ltr'>utpote</span> <span class='ocrx_word' id='word_1_148' title='bbox 737 2360 858 2424; x_wconf 89' lang='lat' dir='ltr'>rationi</span> <span class='ocrx_word' id='word_1_149' title='bbox 886 2382 1002 2444; x_wconf 92' lang='lat' dir='ltr'>parum</span> <span class='ocrx_word' id='word_1_150' title='bbox 1030 2360 1186 2444; x_wconf 81' lang='lat' dir='ltr'>confisus3</span> <span class='ocrx_word' id='word_1_151' title='bbox 1215 2360 1402 2426; x_wconf 79' lang='lat' dir='ltr'>Heraclitus</span> 
     </span>
     <span class='ocr_line' id='line_1_20' title="bbox 225 2461 1403 2551; baseline 0.002 -22"><span class='ocrx_word' id='word_1_152' title='bbox 225 2465 353 2530; x_wconf 79' lang='grc' dir='ltr'><strong><em>ἅπαντα</em></strong></span> <span class='ocrx_word' id='word_1_153' title='bbox 366 2466 407 2530; x_wconf 84' lang='grc' dir='ltr'>τὰ</span> <span class='ocrx_word' id='word_1_154' title='bbox 421 2465 564 2550; x_wconf 79' lang='grc' dir='ltr'><strong><em>αἰσθητὰ</em></strong></span> <span class='ocrx_word' id='word_1_155' title='bbox 579 2461 629 2530; x_wconf 77' lang='grc' dir='ltr'>ἀεὶ</span> <span class='ocrx_word' id='word_1_156' title='bbox 645 2465 717 2551; x_wconf 78' lang='grc' dir='ltr'><em>ῥεῖν</em></span> <span class='ocrx_word' id='word_1_157' title='bbox 732 2466 912 2530; x_wconf 89' lang='lat' dir='ltr'>arbitratus</span> <span class='ocrx_word' id='word_1_158' title='bbox 927 2465 1020 2546; x_wconf 87' lang='lat' dir='ltr'>(Met.</span> <span class='ocrx_word' id='word_1_159' title='bbox 1036 2465 1050 2528; x_wconf 95' lang='lat' dir='ltr'>l</span> <span class='ocrx_word' id='word_1_160' title='bbox 1066 2467 1095 2548; x_wconf 85' lang='lat'>6,</span> <span class='ocrx_word' id='word_1_161' title='bbox 1108 2467 1171 2531; x_wconf 77' lang='lat'>987</span> <span class='ocrx_word' id='word_1_162' title='bbox 1189 2489 1208 2530; x_wconf 90' lang='grc'>8</span> <span class='ocrx_word' id='word_1_163' title='bbox 1222 2467 1278 2549; x_wconf 77' lang='grc'>32;</span> <span class='ocrx_word' id='word_1_164' title='bbox 1299 2466 1403 2531; x_wconf 92' lang='lat' dir='ltr'>Zeller</span> 
     </span>
     <span class='ocr_line' id='line_1_21' title="bbox 223 2568 1402 2658; baseline 0 -22"><span class='ocrx_word' id='word_1_165' title='bbox 223 2568 259 2636; x_wconf 85' lang='lat'>1⁵</span> <span class='ocrx_word' id='word_1_166' title='bbox 274 2569 480 2658; x_wconf 69' lang='grc'><strong>1118881888</strong></span> <span class='ocrx_word' id='word_1_167' title='bbox 495 2573 590 2656; x_wconf 92' lang='lat' dir='ltr'>plane</span> <span class='ocrx_word' id='word_1_168' title='bbox 605 2571 868 2657; x_wconf 75' lang='grc' dir='ltr'><strong>8881111181δόξῃ</strong></span> <span class='ocrx_word' id='word_1_169' title='bbox 883 2577 1012 2638; x_wconf 90' lang='lat' dir='ltr'>tantum</span> <span class='ocrx_word' id='word_1_170' title='bbox 1026 2571 1144 2636; x_wconf 89' lang='lat' dir='ltr'>nititur</span> <span class='ocrx_word' id='word_1_171' title='bbox 1159 2594 1259 2656; x_wconf 89' lang='lat' dir='ltr'>eaque</span> <span class='ocrx_word' id='word_1_172' title='bbox 1271 2573 1402 2657; x_wconf 77' lang='grc' dir='ltr'><em>σφόδρα</em></span> 
     </span>
     <span class='ocr_line' id='line_1_22' title="bbox 224 2676 1402 2768; baseline 0.002 -26"><span class='ocrx_word' id='word_1_173' title='bbox 224 2676 415 2767; x_wconf 68' lang='lat' dir='ltr'>deputarunt</span> <span class='ocrx_word' id='word_1_174' title='bbox 431 2677 652 2768; x_wconf 77' lang='grc' dir='ltr'><strong><em>ἀμεταπείσιῳ</em></strong></span> <span class='ocrx_word' id='word_1_175' title='bbox 668 2678 725 2764; x_wconf 75' lang='lat' dir='ltr'>(m</span> <span class='ocrx_word' id='word_1_176' title='bbox 740 2678 820 2744; x_wconf 91' lang='lat' dir='ltr'>Mor.</span> <span class='ocrx_word' id='word_1_177' title='bbox 831 2677 895 2744; x_wconf 74' lang='lat'>114</span> <span class='ocrx_word' id='word_1_178' title='bbox 920 2680 999 2744; x_wconf 84' lang='lat'>1201</span> <span class='ocrx_word' id='word_1_179' title='bbox 1017 2679 1037 2742; x_wconf 95' lang='lat' dir='ltr'>b</span> <span class='ocrx_word' id='word_1_180' title='bbox 1054 2678 1097 2764; x_wconf 80' lang='lat'>7).</span> <span class='ocrx_word' id='word_1_181' title='bbox 1131 2677 1244 2753; x_wconf 79' lang='lat' dir='ltr'>Qualis</span> <span class='ocrx_word' id='word_1_182' title='bbox 1263 2678 1402 2744; x_wconf 83' lang='lat' dir='ltr'>exsistat</span> 
     </span>
     <span class='ocr_line' id='line_1_23' title="bbox 224 2784 1401 2870; baseline 0 -21"><span class='ocrx_word' id='word_1_183' title='bbox 224 2785 377 2867; x_wconf 89' lang='lat' dir='ltr'>medicus,</span> <span class='ocrx_word' id='word_1_184' title='bbox 399 2785 455 2869; x_wconf 91' lang='lat' dir='ltr'>qui</span> <span class='ocrx_word' id='word_1_185' title='bbox 474 2785 634 2852; x_wconf 87' lang='lat' dir='ltr'>Heracliti</span> <span class='ocrx_word' id='word_1_186' title='bbox 655 2787 845 2852; x_wconf 90' lang='lat' dir='ltr'>methodum</span> <span class='ocrx_word' id='word_1_187' title='bbox 867 2790 1031 2870; x_wconf 90' lang='lat' dir='ltr'>sequatur,</span> <span class='ocrx_word' id='word_1_188' title='bbox 1050 2786 1159 2851; x_wconf 89' lang='lat' dir='ltr'>videre</span> <span class='ocrx_word' id='word_1_189' title='bbox 1182 2784 1260 2850; x_wconf 88' lang='lat' dir='ltr'>licet</span> <span class='ocrx_word' id='word_1_190' title='bbox 1282 2807 1300 2849; x_wconf 91' lang='lat' dir='ltr'>e</span> <span class='ocrx_word' id='word_1_191' title='bbox 1324 2784 1401 2850; x_wconf 92' lang='lat' dir='ltr'>libri</span> 
     </span>
     <span class='ocr_line' id='line_1_24' title="bbox 224 2888 1403 2981; baseline -0.002 -23"><span class='ocrx_word' id='word_1_192' title='bbox 224 2893 263 2958; x_wconf 87' lang='lat' dir='ltr'>de</span> <span class='ocrx_word' id='word_1_193' title='bbox 286 2893 374 2958; x_wconf 89' lang='lat' dir='ltr'>victu</span> <span class='ocrx_word' id='word_1_194' title='bbox 402 2893 535 2977; x_wconf 90' lang='lat' dir='ltr'>ineptiis</span> <span class='ocrx_word' id='word_1_195' title='bbox 564 2891 678 2981; x_wconf 89' lang='lat' dir='ltr'>(Hipp.</span> <span class='ocrx_word' id='word_1_196' title='bbox 697 2892 745 2958; x_wconf 91' lang='lat' dir='ltr'>VI</span> <span class='ocrx_word' id='word_1_197' title='bbox 764 2895 830 2958; x_wconf 82' lang='grc'>466</span> <span class='ocrx_word' id='word_1_198' title='bbox 855 2893 895 2979; x_wconf 78' lang='lat' dir='ltr'>L3</span> <span class='ocrx_word' id='word_1_199' title='bbox 937 2893 1041 2957; x_wconf 90' lang='lat' dir='ltr'>Zeller</span> <span class='ocrx_word' id='word_1_200' title='bbox 1065 2888 1100 2956; x_wconf 91' lang='grc'>15</span> <span class='ocrx_word' id='word_1_201' title='bbox 1125 2893 1191 2958; x_wconf 85' lang='lat'>694</span> <span class='ocrx_word' id='word_1_202' title='bbox 1202 2890 1278 2979; x_wconf 81' lang='lat' dir='ltr'>sq.),</span> <span class='ocrx_word' id='word_1_203' title='bbox 1307 2913 1403 2977; x_wconf 91' lang='lat' dir='ltr'>quem</span> 
     </span>
     <span class='ocr_line' id='line_1_25' title="bbox 224 2998 1402 3085; baseline 0 -22"><span class='ocrx_word' id='word_1_204' title='bbox 224 2999 280 3082; x_wconf 89' lang='lat' dir='ltr'>qui</span> <span class='ocrx_word' id='word_1_205' title='bbox 304 2999 436 3083; x_wconf 89' lang='lat' dir='ltr'>scripsit</span> <span class='ocrx_word' id='word_1_206' title='bbox 459 2999 664 3084; x_wconf 79' lang='grc' dir='ltr'><strong><em>ὀφθαλμοῖσι</em></strong></span> <span class='ocrx_word' id='word_1_207' title='bbox 683 3004 809 3083; x_wconf 78' lang='grc' dir='ltr'><em>μᾶλλον</em></span> <span class='ocrx_word' id='word_1_208' title='bbox 833 3000 853 3082; x_wconf 77' lang='grc' dir='ltr'>ἢ</span> <span class='ocrx_word' id='word_1_209' title='bbox 875 3009 914 3084; x_wconf 75' lang='grc' dir='ltr'>τῇ</span> <span class='ocrx_word' id='word_1_210' title='bbox 933 2999 1048 3085; x_wconf 76' lang='grc' dir='ltr'><em>γνώμῃ</em></span> <span class='ocrx_word' id='word_1_211' title='bbox 1066 2999 1235 3064; x_wconf 77' lang='grc' dir='ltr'><strong><em>πιστεύειν</em></strong></span> <span class='ocrx_word' id='word_1_212' title='bbox 1253 2998 1402 3065; x_wconf 89' lang='lat' dir='ltr'>homines</span> 
     </span>
     <span class='ocr_line' id='line_1_26' title="bbox 224 3105 1086 3192; baseline 0.001 -22"><span class='ocrx_word' id='word_1_213' title='bbox 224 3106 457 3192; x_wconf 80' lang='lat' dir='ltr'>incredibilem,</span> <span class='ocrx_word' id='word_1_214' title='bbox 479 3111 517 3170; x_wconf 90' lang='lat' dir='ltr'>ut</span> <span class='ocrx_word' id='word_1_215' title='bbox 540 3105 692 3188; x_wconf 86' lang='lat' dir='ltr'>medicus,</span> <span class='ocrx_word' id='word_1_216' title='bbox 716 3106 750 3170; x_wconf 94' lang='lat' dir='ltr'>in</span> <span class='ocrx_word' id='word_1_217' title='bbox 774 3105 906 3170; x_wconf 92' lang='lat' dir='ltr'>modum</span> <span class='ocrx_word' id='word_1_218' title='bbox 931 3106 1086 3189; x_wconf 89' lang='lat' dir='ltr'>queritur.</span> 
     </span>
    </p>

    <p class='ocr_par' dir='ltr' id='par_1_5' title="bbox 222 3211 1404 4580">
     <span class='ocr_line' id='line_1_27' title="bbox 313 3211 1402 3299; baseline -0.001 -23"><span class='ocrx_word' id='word_1_219' title='bbox 313 3213 359 3277; x_wconf 87' lang='lat' dir='ltr'>At</span> <span class='ocrx_word' id='word_1_220' title='bbox 386 3213 617 3299; x_wconf 86' lang='lat' dir='ltr'>gravissimum</span> <span class='ocrx_word' id='word_1_221' title='bbox 641 3236 711 3279; x_wconf 89' lang='lat' dir='ltr'>esse</span> <span class='ocrx_word' id='word_1_222' title='bbox 741 3215 853 3278; x_wconf 92' lang='lat' dir='ltr'>dicunt</span> <span class='ocrx_word' id='word_1_223' title='bbox 886 3213 973 3298; x_wconf 92' lang='lat' dir='ltr'>quod</span> <span class='ocrx_word' id='word_1_224' title='bbox 1001 3213 1040 3277; x_wconf 91' lang='lat' dir='ltr'>dc</span> <span class='ocrx_word' id='word_1_225' title='bbox 1069 3212 1175 3277; x_wconf 90' lang='lat' dir='ltr'>stellis</span> <span class='ocrx_word' id='word_1_226' title='bbox 1203 3211 1299 3294; x_wconf 89' lang='lat' dir='ltr'>plane</span> <span class='ocrx_word' id='word_1_227' title='bbox 1328 3232 1402 3276; x_wconf 91' lang='lat' dir='ltr'>con·</span> 
     </span>
     <span class='ocr_line' id='line_1_28' title="bbox 225 3317 1403 3403; baseline -0.003 -18"><span class='ocrx_word' id='word_1_228' title='bbox 225 3320 347 3385; x_wconf 90' lang='lat' dir='ltr'>sentiat</span> <span class='ocrx_word' id='word_1_229' title='bbox 371 3341 445 3384; x_wconf 92' lang='lat' dir='ltr'>cum</span> <span class='ocrx_word' id='word_1_230' title='bbox 467 3318 644 3385; x_wconf 89' lang='lat' dir='ltr'>Heraclito.</span> <span class='ocrx_word' id='word_1_231' title='bbox 691 3319 817 3386; x_wconf 90' lang='lat' dir='ltr'>Vereor</span> <span class='ocrx_word' id='word_1_232' title='bbox 845 3324 969 3403; x_wconf 79' lang='lat' dir='ltr'>tamen,</span> <span class='ocrx_word' id='word_1_233' title='bbox 997 3341 1038 3384; x_wconf 94' lang='lat' dir='ltr'>ne</span> <span class='ocrx_word' id='word_1_234' title='bbox 1061 3319 1159 3384; x_wconf 92' lang='lat' dir='ltr'>nimis</span> <span class='ocrx_word' id='word_1_235' title='bbox 1183 3341 1284 3383; x_wconf 89' lang='lat' dir='ltr'>unum</span> <span class='ocrx_word' id='word_1_236' title='bbox 1309 3317 1403 3382; x_wconf 90' lang='lat' dir='ltr'>illum</span> 
     </span>
     <span class='ocr_line' id='line_1_29' title="bbox 224 3424 1404 3511; baseline -0.003 -19"><span class='ocrx_word' id='word_1_237' title='bbox 224 3427 263 3492; x_wconf 92' lang='lat' dir='ltr'>de</span> <span class='ocrx_word' id='word_1_238' title='bbox 281 3426 359 3491; x_wconf 89' lang='lat' dir='ltr'>luna</span> <span class='ocrx_word' id='word_1_239' title='bbox 377 3448 572 3492; x_wconf 89' lang='lat' dir='ltr'>consensum</span> <span class='ocrx_word' id='word_1_240' title='bbox 589 3427 640 3492; x_wconf 90' lang='lat' dir='ltr'>illi</span> <span class='ocrx_word' id='word_1_241' title='bbox 658 3427 846 3511; x_wconf 88' lang='lat' dir='ltr'>presserint.</span> <span class='ocrx_word' id='word_1_242' title='bbox 884 3425 991 3504; x_wconf 78' lang='lat' dir='ltr'>Quid?</span> <span class='ocrx_word' id='word_1_243' title='bbox 1031 3425 1145 3492; x_wconf 91' lang='lat' dir='ltr'>Nonne</span> <span class='ocrx_word' id='word_1_244' title='bbox 1165 3424 1245 3491; x_wconf 90' lang='lat' dir='ltr'>solis</span> <span class='ocrx_word' id='word_1_245' title='bbox 1264 3425 1404 3490; x_wconf 85' lang='lat' dir='ltr'>formam</span> 
     </span>
     <span class='ocr_line' id='line_1_30' title="bbox 224 3531 1404 3619; baseline -0.003 -22"><span class='ocrx_word' id='word_1_246' title='bbox 224 3533 354 3614; x_wconf 89' lang='lat' dir='ltr'>planam</span> <span class='ocrx_word' id='word_1_247' title='bbox 373 3555 444 3599; x_wconf 89' lang='lat' dir='ltr'>esse</span> <span class='ocrx_word' id='word_1_248' title='bbox 464 3534 618 3600; x_wconf 85' lang='lat' dir='ltr'>Alcmaeo</span> <span class='ocrx_word' id='word_1_249' title='bbox 637 3535 756 3600; x_wconf 84' lang='lat' dir='ltr'>finxit?</span> <span class='ocrx_word' id='word_1_250' title='bbox 794 3532 878 3610; x_wconf 84' lang='lat' dir='ltr'>Quid</span> <span class='ocrx_word' id='word_1_251' title='bbox 903 3534 989 3619; x_wconf 91' lang='lat' dir='ltr'>quod</span> <span class='ocrx_word' id='word_1_252' title='bbox 1013 3534 1117 3598; x_wconf 89' lang='lat' dir='ltr'>solem</span> <span class='ocrx_word' id='word_1_253' title='bbox 1140 3531 1404 3598; x_wconf 84' lang='lat' dir='ltr'>cotidianorum</span> 
     </span>
     <span class='ocr_line' id='line_1_31' title="bbox 224 3637 1403 3726; baseline -0.003 -20"><span class='ocrx_word' id='word_1_254' title='bbox 224 3640 303 3706; x_wconf 89' lang='lat' dir='ltr'>oriri</span> <span class='ocrx_word' id='word_1_255' title='bbox 331 3641 404 3706; x_wconf 82' lang='lat' dir='ltr'>vult</span> <span class='ocrx_word' id='word_1_256' title='bbox 432 3641 609 3726; x_wconf 84' lang='lat' dir='ltr'>Ephesius,</span> <span class='ocrx_word' id='word_1_257' title='bbox 637 3662 733 3725; x_wconf 90' lang='lat' dir='ltr'>quem</span> <span class='ocrx_word' id='word_1_258' title='bbox 761 3639 1025 3706; x_wconf 89' lang='lat' dir='ltr'>immortalitatis</span> <span class='ocrx_word' id='word_1_259' title='bbox 1053 3639 1220 3726; x_wconf 89' lang='lat' dir='ltr'>specimen</span> <span class='ocrx_word' id='word_1_260' title='bbox 1247 3637 1403 3703; x_wconf 84' lang='lat' dir='ltr'>Alcmaeo</span> 
     </span>
     <span class='ocr_line' id='line_1_32' title="bbox 223 3744 1403 3833; baseline -0.003 -22"><span class='ocrx_word' id='word_1_261' title='bbox 223 3747 415 3831; x_wconf 86' lang='lat' dir='ltr'>proposuit?</span> <span class='ocrx_word' id='word_1_262' title='bbox 444 3748 531 3832; x_wconf 88' lang='lat' dir='ltr'>quod</span> <span class='ocrx_word' id='word_1_263' title='bbox 554 3747 742 3832; x_wconf 89' lang='lat' dir='ltr'>stellarum,</span> <span class='ocrx_word' id='word_1_264' title='bbox 766 3769 847 3833; x_wconf 91' lang='lat' dir='ltr'>quas</span> <span class='ocrx_word' id='word_1_265' title='bbox 872 3747 998 3812; x_wconf 87' lang='lat' dir='ltr'>divinas</span> <span class='ocrx_word' id='word_1_266' title='bbox 1022 3768 1092 3812; x_wconf 92' lang='lat' dir='ltr'>esse</span> <span class='ocrx_word' id='word_1_267' title='bbox 1117 3748 1280 3811; x_wconf 88' lang='lat' dir='ltr'>statutum</span> <span class='ocrx_word' id='word_1_268' title='bbox 1303 3744 1403 3809; x_wconf 91' lang='lat' dir='ltr'>habet</span> 
     </span>
     <span class='ocr_line' id='line_1_33' title="bbox 225 3847 1402 3938; baseline -0.001 -20"><span class='ocrx_word' id='word_1_269' title='bbox 225 3855 393 3938; x_wconf 79' lang='lat' dir='ltr'>Alcmaeo,</span> <span class='ocrx_word' id='word_1_270' title='bbox 422 3876 586 3920; x_wconf 84' lang='grc'><strong>8811181818</strong></span> <span class='ocrx_word' id='word_1_271' title='bbox 615 3877 689 3920; x_wconf 93' lang='lat' dir='ltr'>eum</span> <span class='ocrx_word' id='word_1_272' title='bbox 718 3855 820 3920; x_wconf 86' lang='lat' dir='ltr'>fuisse</span> <span class='ocrx_word' id='word_1_273' title='bbox 849 3858 1108 3938; x_wconf 89' lang='lat' dir='ltr'>contemptorem</span> <span class='ocrx_word' id='word_1_274' title='bbox 1135 3852 1321 3938; x_wconf 89' lang='lat' dir='ltr'>fragmenta</span> <span class='ocrx_word' id='word_1_275' title='bbox 1349 3847 1402 3934; x_wconf 85' lang='lat' dir='ltr'>(cf.</span> 
     </span>
     <span class='ocr_line' id='line_1_34' title="bbox 224 3957 1404 4047; baseline -0.004 -21"><span class='ocrx_word' id='word_1_276' title='bbox 224 3960 328 4026; x_wconf 87' lang='lat' dir='ltr'>Zeller</span> <span class='ocrx_word' id='word_1_277' title='bbox 342 3958 377 4026; x_wconf 91' lang='grc'>15</span> <span class='ocrx_word' id='word_1_278' title='bbox 391 3963 466 4046; x_wconf 78' lang='grc'><strong>685,</strong></span> <span class='ocrx_word' id='word_1_279' title='bbox 480 3961 515 4047; x_wconf 82' lang='lat'>5)</span> <span class='ocrx_word' id='word_1_280' title='bbox 530 3962 673 4027; x_wconf 83' lang='lat' dir='ltr'>docent?</span> <span class='ocrx_word' id='word_1_281' title='bbox 702 3961 754 4028; x_wconf 88' lang='lat' dir='ltr'>Ab</span> <span class='ocrx_word' id='word_1_282' title='bbox 774 3961 838 4026; x_wconf 92' lang='lat' dir='ltr'>hoc</span> <span class='ocrx_word' id='word_1_283' title='bbox 856 3965 893 4025; x_wconf 91' lang='lat' dir='ltr'>tu</span> <span class='ocrx_word' id='word_1_284' title='bbox 913 3960 1024 4025; x_wconf 87' lang='lat' dir='ltr'>credes</span> <span class='ocrx_word' id='word_1_285' title='bbox 1042 3960 1082 4025; x_wconf 92' lang='lat' dir='ltr'>de</span> <span class='ocrx_word' id='word_1_286' title='bbox 1100 3981 1166 4024; x_wconf 92' lang='lat' dir='ltr'>nna</span> <span class='ocrx_word' id='word_1_287' title='bbox 1184 3959 1281 4023; x_wconf 86' lang='lat' dir='ltr'>lunae</span> <span class='ocrx_word' id='word_1_288' title='bbox 1297 3957 1404 4022; x_wconf 88' lang='lat' dir='ltr'>forma</span> 
     </span>
     <span class='ocr_line' id='line_1_35' title="bbox 224 4062 1403 4150; baseline -0.004 -18"><span class='ocrx_word' id='word_1_289' title='bbox 224 4069 373 4134; x_wconf 88' lang='lat' dir='ltr'>edoctum</span> <span class='ocrx_word' id='word_1_290' title='bbox 406 4089 476 4133; x_wconf 88' lang='grc'><strong>8888</strong></span> <span class='ocrx_word' id='word_1_291' title='bbox 500 4067 758 4134; x_wconf 81' lang='lat' dir='ltr'>Alcmaeonem?</span> <span class='ocrx_word' id='word_1_292' title='bbox 806 4066 1005 4132; x_wconf 85' lang='lat' dir='ltr'>Praesertim</span> <span class='ocrx_word' id='word_1_293' title='bbox 1038 4088 1137 4150; x_wconf 89' lang='lat' dir='ltr'>quam</span> <span class='ocrx_word' id='word_1_294' title='bbox 1169 4087 1210 4130; x_wconf 89' lang='lat' dir='ltr'>ne</span> <span class='ocrx_word' id='word_1_295' title='bbox 1242 4062 1403 4129; x_wconf 83' lang='lat' dir='ltr'>invenisse</span> 
     </span>
     <span class='ocr_line' id='line_1_36' title="bbox 225 4170 1404 4261; baseline -0.005 -21"><span class='ocrx_word' id='word_1_296' title='bbox 225 4175 354 4260; x_wconf 89' lang='lat' dir='ltr'>quidem</span> <span class='ocrx_word' id='word_1_297' title='bbox 377 4173 566 4240; x_wconf 87' lang='lat' dir='ltr'>Heraclitus</span> <span class='ocrx_word' id='word_1_298' title='bbox 589 4176 754 4261; x_wconf 88' lang='lat' dir='ltr'>putandus</span> <span class='ocrx_word' id='word_1_299' title='bbox 780 4175 832 4239; x_wconf 90' lang='lat' dir='ltr'>sit.</span> <span class='ocrx_word' id='word_1_300' title='bbox 874 4173 965 4238; x_wconf 88' lang='lat' dir='ltr'>Duae</span> <span class='ocrx_word' id='word_1_301' title='bbox 995 4174 1081 4238; x_wconf 90' lang='lat' dir='ltr'>enim</span> <span class='ocrx_word' id='word_1_302' title='bbox 1109 4171 1176 4237; x_wconf 92' lang='lat' dir='ltr'>illis</span> <span class='ocrx_word' id='word_1_303' title='bbox 1199 4170 1404 4254; x_wconf 88' lang='lat' dir='ltr'>temporibus</span> 
     </span>
     <span class='ocr_line' id='line_1_37' title="bbox 224 4277 1404 4366; baseline -0.004 -19"><span class='ocrx_word' id='word_1_304' title='bbox 224 4280 375 4366; x_wconf 83' lang='lat' dir='ltr'>vulgatae</span> <span class='ocrx_word' id='word_1_305' title='bbox 392 4285 484 4345; x_wconf 89' lang='lat' dir='ltr'>erant</span> <span class='ocrx_word' id='word_1_306' title='bbox 499 4281 537 4345; x_wconf 91' lang='lat' dir='ltr'>de</span> <span class='ocrx_word' id='word_1_307' title='bbox 552 4281 657 4348; x_wconf 87' lang='lat' dir='ltr'>stellis</span> <span class='ocrx_word' id='word_1_308' title='bbox 678 4282 861 4366; x_wconf 87' lang='lat' dir='ltr'>opiniones:</span> <span class='ocrx_word' id='word_1_309' title='bbox 877 4281 980 4345; x_wconf 89' lang='lat' dir='ltr'>altera</span> <span class='ocrx_word' id='word_1_310' title='bbox 995 4277 1238 4364; x_wconf 88' lang='lat' dir='ltr'>simplicissima</span> <span class='ocrx_word' id='word_1_311' title='bbox 1254 4281 1350 4361; x_wconf 89' lang='lat' dir='ltr'>atque</span> <span class='ocrx_word' id='word_1_312' title='bbox 1365 4301 1404 4342; x_wconf 87' lang='lat' dir='ltr'>ex</span> 
     </span>
     <span class='ocr_line' id='line_1_38' title="bbox 222 4382 1404 4474; baseline -0.005 -22"><span class='ocrx_word' id='word_1_313' title='bbox 222 4385 297 4472; x_wconf 88' lang='lat' dir='ltr'>ipsa</span> <span class='ocrx_word' id='word_1_314' title='bbox 319 4387 489 4452; x_wconf 89' lang='lat' dir='ltr'>stellarum</span> <span class='ocrx_word' id='word_1_315' title='bbox 509 4388 615 4474; x_wconf 87' lang='lat' dir='ltr'>specie</span> <span class='ocrx_word' id='word_1_316' title='bbox 640 4393 762 4454; x_wconf 89' lang='lat' dir='ltr'>temere</span> <span class='ocrx_word' id='word_1_317' title='bbox 788 4389 970 4470; x_wconf 88' lang='lat' dir='ltr'>assumpta,</span> <span class='ocrx_word' id='word_1_318' title='bbox 996 4385 1111 4471; x_wconf 90' lang='lat' dir='ltr'>planos</span> <span class='ocrx_word' id='word_1_319' title='bbox 1137 4405 1191 4448; x_wconf 87' lang='lat' dir='ltr'>eas</span> <span class='ocrx_word' id='word_1_320' title='bbox 1214 4403 1285 4446; x_wconf 89' lang='lat' dir='ltr'>esse</span> <span class='ocrx_word' id='word_1_321' title='bbox 1309 4382 1404 4448; x_wconf 92' lang='lat' dir='ltr'>orbes</span> 
     </span>
     <span class='ocr_line' id='line_1_39' title="bbox 223 4488 1404 4580; baseline -0.001 -23"><span class='ocrx_word' id='word_1_322' title='bbox 223 4493 350 4580; x_wconf 80' lang='lat' dir='ltr'>igneos3</span> <span class='ocrx_word' id='word_1_323' title='bbox 379 4494 482 4559; x_wconf 90' lang='lat' dir='ltr'>altera</span> <span class='ocrx_word' id='word_1_324' title='bbox 506 4515 618 4560; x_wconf 91' lang='lat' dir='ltr'>eorum</span> <span class='ocrx_word' id='word_1_325' title='bbox 647 4494 702 4579; x_wconf 91' lang='lat' dir='ltr'>qui</span> <span class='ocrx_word' id='word_1_326' title='bbox 725 4491 834 4578; x_wconf 88' lang='lat' dir='ltr'>magis</span> <span class='ocrx_word' id='word_1_327' title='bbox 857 4490 978 4558; x_wconf 86' lang='lat' dir='ltr'>exculti</span> <span class='ocrx_word' id='word_1_328' title='bbox 1007 4496 1040 4556; x_wconf 93' lang='lat' dir='ltr'>et</span> <span class='ocrx_word' id='word_1_329' title='bbox 1062 4492 1158 4557; x_wconf 87' lang='lat' dir='ltr'>lunae</span> <span class='ocrx_word' id='word_1_330' title='bbox 1185 4488 1330 4576; x_wconf 91' lang='lat' dir='ltr'>solisque</span> <span class='ocrx_word' id='word_1_331' title='bbox 1354 4491 1404 4556; x_wconf 93' lang='lat' dir='ltr'>de·</span> 
     </span>
    </p>
   </div>
   <div class='ocr_carea' id='block_1_3' title="bbox 0 0 1684 5132">
    <p class='ocr_par' dir='ltr' id='par_1_6' title="bbox 0 0 1684 5132">
     <span class='ocr_line' id='line_1_40' title="bbox 0 0 1684 5132; baseline 0 0"><span class='ocrx_word' id='word_1_332' title='bbox 0 0 1684 5132; x_wconf 95' lang='lat' dir='ltr'> </span> 
     </span>
    </p>
   </div>
  </div>
 </body>
</html>
