3358 5132
694 319 917 383 „31-

220 475 368 558 ‘praesto
392 473 478 538 esse'
503 470 558 558 (cf.
580 473 665 540 Plat.
688 474 818 540 Theaet
841 477 902 541 198
919 473 976 562 D),
1004 478 1052 541 ita
1078 482 1116 542 ut
1145 501 1210 562 qua
1238 479 1276 544 de
1300 503 1400 546 causa

219 581 340 645 librum
363 603 429 645 non
452 580 640 664 inspexerit,
664 581 731 646 sive
755 582 842 665 quod
865 605 933 647 non
956 582 1023 647 iam
1043 585 1195 649 exstabat
1217 587 1285 651 sive
1310 588 1395 670 quod

218 687 267 751 illi
295 687 373 771 ipsi,
402 709 497 771 quem
524 687 691 752 hominem
717 687 819 752 fuisse
848 711 1030 772 paucorum
1058 691 1217 756 librorum
1247 694 1397 757 omnibus

219 794 350 878 scriptis
369 794 439 858 eius
463 794 631 877 probatur,
653 794 686 857 in
707 800 859 878 promptu
885 817 954 859 non
973 803 1052 881 erat,
1075 798 1170 881 plane
1189 799 1305 864 incerti
1324 798 1399 862 hae-

219 922 357 964 reamus.
403 899 509 964 Multo
538 899 643 984 magis
675 903 793 964 notatu
826 901 963 988 dignum
969 954 979 986 ,
1012 905 1098 986 quod
1127 903 1314 988 Simplicius
1348 905 1398 968 vir

220 1007 367 1072 curiosae
390 1005 589 1090 diligentiae,
612 1007 668 1090 qui
688 1005 898 1091 antiquorum
915 1008 1189 1095 philosophorum
1211 1012 1298 1076 haud
1321 1035 1396 1096 pau-

218 1110 365 1199 corum¹)
389 1112 483 1176 libris
506 1113 547 1176 ad
567 1109 744 1198 stagiritae
769 1115 868 1179 verba
888 1116 1081 1199 explicanda
1104 1118 1293 1201 saepissime
1317 1140 1395 1182 usus

217 1225 278 1303 est,
300 1219 340 1284 ad
359 1218 498 1283 Aristot.
516 1218 555 1282 de
574 1241 623 1282 an.
642 1219 709 1285 405
728 1221 808 1284 2129
829 1225 968 1285 annotat
991 1220 1079 1308 (pag.
1100 1226 1187 1306 393
1206 1224 1395 1308 Hayduck):

217 1323 440 1409 δἈλκμαίων
464 1326 698 1410 Κροτωνιάτης
726 1327 773 1390 ὢν
800 1325 865 1392 ὑπὸ
894 1324 956 1410 μὲν
984 1330 1096 1394 ἄλλων
1120 1329 1333 1415 (Iamblichos
1360 1335 1393 1394 et

219 1431 418 1516 Porphyrios
438 1435 573 1516 tangere
591 1430 735 1518 videtur)
755 1433 800 1509 ὡς
818 1438 1055 1518 Πυθαγόρειος
1073 1435 1307 1520 παραδέδοται,
1330 1437 1394 1501 ὑπὸ

216 1537 247 1602 d'
268 1535 513 1621 Ἀριστοτέλους
536 1537 573 1602 ἐν
595 1547 634 1623 τῇ
654 1540 749 1603 Μετὰ
771 1540 812 1603 τὰ
835 1542 960 1623 φυσικὰ
985 1542 1029 1618 ὡς
1047 1543 1104 1618 τὰς
1122 1544 1184 1608 δύο
1205 1547 1395 1628 συστοιχίας

215 1645 237 1728 ἣ
265 1645 363 1722 αὐτὸς
390 1646 559 1728 παραδοὺς
586 1657 655 1722 τοῖς
683 1650 933 1730 Πυθαγορείοις
961 1645 981 1730 ἣ
1009 1646 1085 1732 παρ’
1118 1648 1256 1714 ἐκείνων
1283 1651 1395 1733 λαβὼν

217 1755 347 1834 μνήμης
368 1751 512 1834 ἠξίωται.
559 1754 663 1816 ἔοικε
687 1749 728 1816 δὲ
752 1754 891 1838 ἄριστα
914 1758 1154 1838 φιλοσοφεῖν
1181 1755 1230 1831 ὡς
1257 1755 1297 1820 ἐκ
1321 1767 1395 1819 τῶν

216 1866 290 1922 νῦν
323 1857 547 1941 λεγομένων
578 1862 877 1944 τεκμαίρεσθαι·
906 1859 1086 1925 ’ἀθάνατον
1118 1862 1181 1944 γὰρ
1214 1859 1301 1943 λέγει
1334 1861 1395 1943 τὴν

216 1965 327 2050 ψυχὴν
345 1970 412 2029 κτλ.
445 1964 536 2030 Unde
556 1970 694 2049 apparet
712 1987 785 2029 eum
804 1987 908 2049 neque
928 1966 1031 2049 ipsius
1045 1967 1254 2031 Alcmaeonis
1272 1968 1393 2032 librum

216 2093 320 2154 neque
336 2072 524 2136 Aristotelis
543 2073 626 2156 τιρὸς
643 2072 683 2135 τὰ
693 2068 917 2154 Ἀλκμαίωνος
936 2072 1122 2136 adhibuisse
1141 2094 1247 2156 neque
1261 2074 1393 2137 omnino

217 2177 398 2241 accuratius
431 2177 470 2242 de
499 2177 692 2243 Crotoniata
720 2177 872 2243 edoctum
899 2176 1044 2264 fuisse.²)
1092 2176 1254 2263 Simplicii
1284 2183 1393 2244 autem

216 2287 309 2347 tanta
335 2284 452 2367 ubique
476 2285 580 2349 elucet
602 2283 765 2348 industria
788 2289 885 2368 atque
910 2285 1082 2368 sedulitas,
1108 2289 1146 2350 ut
1170 2286 1237 2350 iam
1259 2286 1393 2370 periisse

216 2389 285 2454 eius
304 2391 505 2475 temporibus
530 2392 723 2475 opusculum
746 2391 828 2455 illud
851 2392 920 2456 veri
939 2392 983 2455 sit
1002 2392 1219 2456 simillimum.
1238 2431 1282 2438 -
1301 2391 1393 2467 Quod

216 2518 255 2560 eo
283 2495 388 2582 magis
416 2497 590 2562 dolendum
619 2502 682 2579 est,
711 2499 797 2580 quod
824 2520 865 2561 ne
893 2499 1018 2582 priores
1046 2498 1178 2582 quidem
1201 2499 1392 2564 Aristotelis

216 2607 490 2669 commentatores
510 2604 688 2689 quidquam
708 2603 747 2667 de
761 2604 959 2669 Alcmaeone
979 2610 1184 2689 compertum
1200 2606 1392 2670 habuerunt.
1462 2635 1465 2640 ·

216 2709 349 2774 Etenim
372 2710 571 2776 Themistius
592 2708 647 2797 (ad
665 2710 722 2774 Ar.
743 2711 771 2774 d.
791 2734 841 2775 an.
860 2712 927 2776 405
946 2734 966 2774 a
984 2713 1037 2795 29,
1055 2711 1087 2776 Π
1106 2713 1151 2776 24
1169 2712 1218 2776 ed.
1238 2710 1392 2798 Spengel)

216 2821 250 2880 et
264 2817 435 2901 Asclepius
454 2815 509 2903 (ad
530 2818 674 2902 metaph.
689 2818 754 2883 986
774 2841 792 2882 a
811 2821 870 2901 223
887 2840 962 2904 pag.
973 2819 1025 2901 39,
1040 2821 1080 2883 21
1098 2817 1274 2905 Hayduclr)
1293 2820 1327 2882 in
1345 2819 1392 2882 eis

217 2944 297 3005 qnae
326 2929 486 2988 annotant
508 2924 699 2988 Aristotelis
728 2929 858 2989 tantum
886 2925 986 2989 verba
1009 2925 1169 3010 referunt3
1197 2927 1391 3010 scriptorem
1494 2973 1496 2980 ι

215 3051 291 3092 vero
314 3029 408 3093 illum
433 3052 631 3114 anonymum
655 3029 746 3094 ouius
770 3039 898 3115 praeter
921 3032 1114 3096 Aristotelis
1140 3033 1260 3097 scrinia
1283 3031 1392 3096 Philo·

214 3157 318 3218 ponus
352 3157 421 3200 sese
450 3137 644 3221 compilasse
677 3135 802 3201 fatetur
838 3134 893 3223 (ad
927 3137 1029 3202 Arist.
1057 3138 1085 3201 d
1115 3160 1165 3201 an.
1192 3140 1259 3202 404
1288 3161 1308 3202 a
1335 3140 1393 3222 203

213 3263 288 3327 pag.
308 3244 366 3326 71,
387 3245 407 3307 6
430 3242 604 3328 Hayduek:
633 3245 811 3308 αίνίττεται
838 3246 885 3319 είς
908 3244 1074 3309 Πλάτωνα
1102 3241 1158 3307 καὶ
1181 3244 1392 3328 Ξενοκράτην

213 3347 268 3413 καὶ
280 3347 499 3436 Ἀλκμαίωνα)
518 3351 552 3414 in
565 3350 745 3415 Aristotele
762 3348 842 3437 (405
857 3373 876 3414 a
889 3348 948 3437 29)
963 3355 1093 3414 tantum
1106 3351 1169 3415 niti
1184 3351 1255 3416 luce
1271 3351 1392 3415 clarius

214 3459 273 3518 est.
279 3451 305 3541 ³)
324 3453 375 3519 Ne
386 3455 567 3522 Alexander
582 3457 712 3540 quidem
723 3455 970 3540 Aphrodisienis
980 3457 1202 3523 Aristotelicis
1214 3457 1391 3543 quidquam

305 3685 330 3753 1)
349 3684 431 3739 Certe
450 3685 584 3755 Diogenis
602 3683 802 3754 Apolloniatae
821 3687 932 3754 (comm.
951 3687 981 3740 in
999 3685 1079 3755 phys.
1098 3691 1141 3753 27,
1161 3693 1176 3741 ‘1
1196 3685 1298 3754 Diels),
1324 3687 1390 3740 Par·

212 3773 330 3828 menidis
353 3773 432 3843 (ibid.
456 3790 521 3843 pag.
549 3778 612 3840 144,
631 3775 690 3842 28),
713 3773 897 3844 Anaxagorae
920 3777 996 3845 (pag.
1022 3780 1082 3844 168,
1102 3781 1139 3844 2),
1161 3775 1280 3830 fortasse
1304 3774 1389 3828 etiam

212 3861 389 3932 Empedoclis
407 3865 480 3933 (pag.
497 3866 557 3931 157,
573 3869 620 3931 ’.λῖς
641 3862 773 3933 saepius).

301 3972 328 4036 2)
351 3968 395 4022 Ne
413 3968 599 4038 Theophrasti
622 3967 739 4039 quidem
762 3969 914 4038 Opiniones
934 3968 1080 4038 Simplicio
1103 3971 1217 4038 praesto
1241 3971 1320 4024 erant
1343 3967 1390 4038 (cf.

214 4056 366 4112 Dielesium
385 4058 413 4111 in
431 4057 515 4112 Proll.
530 4056 600 4114 Dor.
616 4059 713 4112 Graec.
729 4075 795 4128 pag.
812 4059 882 4126 113).

301 4167 329 4234 3)
348 4163 389 4218 De
403 4163 554 4234 Sophonia,
573 4182 656 4234 quem
672 4163 784 4234 saepius
799 4183 850 4220 sua
864 4181 881 4217 a
895 4166 1054 4234 Philopono
1069 4163 1192 4218 mutuari
1208 4162 1390 4232 Hayduekius

210 4255 307 4324 (prasi.
327 4253 364 4309 ad
384 4254 469 4323 Soph.
488 4253 515 4307 d.
537 4270 581 4310 au.
602 4254 732 4325 paraphr.
752 4272 816 4324 pag.
830 4253 881 4320 VI)
901 4253 997 4320 docet,
1021 4254 1115 4308 nullus
1138 4252 1238 4307 dubito
1263 4251 1329 4320 quin
1354 4252 1390 4306 da

210 4343 380 4398 Alcmaeone
399 4360 511 4413 quoque
529 4343 577 4412 (ad
591 4345 637 4402 Ar.
653 4344 680 4398 d.
695 4361 739 4400 an.
755 4348 807 4398 405
821 4359 840 4396 a
853 4347 887 4396 29
906 4361 972 4414 pag.
989 4347 1031 4410 14,
1046 4349 1078 4398 31
1095 4341 1245 4410 Hayduck)
1265 4340 1388 4396 cPhilo·

209 4447 283 4502 pono
297 4449 348 4488 sua
362 4433 539 4501 excerpserit,
559 4431 725 4504 praesertim
743 4450 804 4488 oum
821 4447 982 4502 epsrvorsa
996 4431 1122 4486 eiusdem
1138 4429 1288 4485 verborum
1302 4428 1389 4486 inter·
