3368 5126
756 329 977 392 ..20-

230 485 234 491 ’
283 484 358 552 οἶδα
377 485 622 573 (Alcmaeonem
645 487 747 570 norit,
770 487 808 550 cf.
827 486 858 551 h.
878 487 953 551 diss.
972 508 1045 571 pag.
1068 485 1123 567 19)
1146 485 1456 572 πρῶτοςέγραψεέ)

282 593 432 678 Denique
451 597 527 679 post
545 593 755 659 Petersenum
776 589 843 678 (l.l.
862 590 977 678 praef.)
998 591 1159 656 Sanderus
1182 596 1283 676 negat
1301 592 1340 656 de
1359 593 1457 658 rebus

283 701 415 766 medicis
447 701 550 765 ullum
580 703 655 765 ante
684 699 916 765 Alcmaeonem
943 699 1064 764 librum
1094 699 1218 764 editum
1245 720 1325 763 esse.
1372 697 1456 764 Sane

282 808 329 871 nil
354 807 409 872 ille
434 808 559 872 curavit
579 805 713 872 Snidam
737 804 776 892 (s.
795 829 824 870 r.
844 805 1058 891 Δημοκήδης)
1082 807 1133 870 vel
1157 805 1265 890 potius
1290 810 1457 870 auctorem

283 914 352 978 eius
377 913 578 999 Hesychium
608 912 772 977 Milesium
801 913 857 996 qui
883 911 949 976 iam
978 935 998 977 a
1026 912 1207 978 Democede
1235 913 1356 977 librum
1385 935 1457 978 con-

284 1020 442 1104 scriptum
461 1041 532 1084 esse
552 1023 701 1084 testatur.
739 1018 894 1083 Eiusdem
918 1019 1066 1104 opusculi
1090 1019 1189 1084 etiam
1210 1019 1294 1103 apud
1312 1017 1456 1083 Plinium

284 1127 406 1191 mentio
426 1127 465 1190 fit
484 1123 620 1211 (Brunn,
639 1126 677 1190 de
696 1129 866 1190 auctorum
885 1125 990 1190 indice
1010 1109 1166 1190 Pliniana¹
1179 1149 1209 1210 p.
1228 1123 1296 1212 22).
1333 1124 1457 1190 Vereor

284 1238 394 1298 tamen
421 1256 462 1298 ne
486 1233 616 1318 spurius
644 1233 696 1297 hic
724 1232 808 1297 liber
834 1232 997 1316 putandus
1024 1233 1076 1298 sit.
1122 1232 1208 1297 Nam
1231 1232 1330 1317 primi
1353 1233 1456 1297 cuius-

285 1362 346 1425 que
376 1340 456 1404 artis
484 1340 562 1403 libri
589 1337 685 1404 claris
713 1339 779 1404 illis
807 1339 886 1403 viris
920 1340 975 1424 qui
1003 1339 1189 1404 fabularum
1217 1343 1273 1403 ant
1300 1339 1457 1403 historiae

284 1447 442 1510 memoria
464 1446 499 1511 in
522 1446 569 1510 cis
592 1447 741 1511 floruisse
765 1446 927 1530 feruntur,
956 1446 1098 1511 adscribi
1122 1447 1241 1530 solent,
1264 1447 1355 1511 velut
1378 1443 1457 1509 (lad-

285 1574 430 1616 mearum
449 1552 636 1616 litterarum
656 1574 835 1637 eponymus
855 1551 996 1617 Cadmus
1018 1553 1160 1638 primum
1179 1553 1300 1617 librum
1319 1553 1462 1638 pedestri

287 1659 433 1723 oratione
463 1658 632 1743 scripsisse
661 1657 779 1723 dicitur
807 1663 841 1722 et
870 1663 1053 1744 quaesunt
1079 1659 1265 1724 huiusmodi
1294 1661 1463 1725 innumera

287 1766 327 1829 ab
347 1764 541 1848 εὑρημάτων
561 1765 777 1849 scriptoribus
796 1765 938 1829 inventa.
977 1764 1027 1829 Ad
1050 1765 1136 1830 hunc
1160 1766 1327 1830 modulum
1347 1766 1463 1831 Demo·

287 1871 373 1935 cedis
380 1923 389 1954 ,
422 1871 513 1935 cuius
542 1875 647 1935 artem
676 1870 863 1936 Herodotus
892 1872 1125 1955 celebraverat,
1158 1871 1360 1956 principatus
1391 1894 1463 1938 con-

287 1978 383 2042 fictus
407 2000 477 2043 esse
501 1978 639 2042 videtur.
678 1975 830 2043 Ceterum
855 1979 893 2042 de
917 1977 1116 2043 medicorum
1140 1977 1279 2043 historia
1302 2001 1342 2042 ne
1366 1980 1463 2043 fiden-

288 2086 355 2149 tius
375 2084 482 2150 Plinio
506 2085 674 2150 credamus
693 2084 883 2169 Epicharmi
908 2089 1019 2149 monet
1038 2086 1222 2169 exemplum
1241 2083 1296 2169 (cf.
1311 2085 1464 2152 Welclrer

289 2191 329 2257 λλ.
354 2190 509 2272 Schriften
537 2190 554 2254 I
579 2190 669 2276 349).
715 2191 830 2275 Itaque
858 2192 892 2255 in
917 2190 1052 2256 Sanderi
1082 2191 1232 2275 opinione
1260 2193 1464 2276 acquiescen-

289 2298 366 2363 dum
391 2319 461 2363 esse
487 2318 611 2362 censeo.

377 2402 423 2468 At
457 2402 606 2469 Sittelius
638 2402 672 2488 (l.
702 2400 737 2488 l.)
772 2408 921 2469 constare
955 2405 1018 2469 sibi
1049 2405 1225 2489 profitetur
1255 2404 1464 2471 Alcmaeonis

289 2511 410 2575 librum
434 2517 471 2575 ut
493 2510 597 2575 multa
621 2511 779 2575 eiusmodi
804 2512 926 2596 scripta
948 2535 967 2576 a
991 2510 1275 2597 Neopythagcreis
1300 2535 1358 2597 per
1380 2513 1464 2577 frau-

290 2618 362 2681 dem
386 2618 554 2682 subditum
574 2639 653 2682 esse.
691 2617 762 2692 Qua
785 2619 820 2683 in
839 2641 873 2682 re
893 2619 1022 2704 egregie
1042 2618 1170 2682 errarit.
1211 2619 1316 2694 Quid?
1339 2619 1465 2685 Aristo-

289 2724 388 2788 telem
420 2729 454 2787 et
484 2724 746 2809 Theophrastum
779 2725 827 2787 nil
859 2725 923 2788 nisi
956 2747 1037 2809 quae
1070 2725 1167 2789 fando
1201 2725 1239 2789 de
1273 2725 1465 2814 Crotoniata

290 2832 490 2895 audivissent
510 2831 690 2915 prodidisse
711 2829 941 2915 opinabimur?
979 2832 1031 2895 An
1049 2853 1126 2896 vero
1145 2831 1367 2917 Aristotelem,
1392 2856 1465 2898 cum

289 2937 445 3022 peculiari
474 2937 558 3001 libro
587 2934 683 3022 (πρὸς
710 2937 749 3001 τὰ
770 2933 990 3019 Ἀλκμαίωνος
1013 2936 1120 3004 Laert.
1144 2937 1239 3023 Diog.
1259 2937 1362 3026 Vas)
1392 2963 1465 3004 cnm

290 3044 402 3128 petiit,
434 3065 507 3107 cum
539 3042 645 3106 famae
678 3042 805 3107 nebulis
847 3042 1031 3108 conflixisse
1063 3046 1182 3129 putas?
1219 3044 1465 3131 Theophrastus

292 3155 402 3214 antem
433 3172 500 3214 non
529 3151 635 3214 solum
668 3171 750 3233 quae
784 3150 930 3214 docuerit
962 3152 1128 3231 Alcmaeo,
1162 3153 1217 3217 sed
1251 3153 1349 3218 etiam
1384 3177 1464 3239 quae

290 3257 496 3341 praeterierit
518 3260 631 3320 narrat
650 3254 745 3341 (Dox.
766 3257 842 3341 507,
861 3257 882 3322 5
909 3256 984 3339 περὶ
1008 3254 1045 3323 dt
1069 3257 1156 3342 ἁφῆς
1178 3259 1240 3324 οὐκ
1258 3265 1366 3344 εἴρηκε
1391 3262 1465 3326 οὔτε

291 3375 361 3441 κῶς
391 3364 466 3428 οὔτε
494 3365 560 3427 κίοι
589 3361 760 3448 γίγνεται).
806 3362 912 3437 Quid?
958 3363 1007 3427 De
1036 3365 1250 3448 dispositione
1277 3367 1355 3430 libri
1382 3369 1466 3433 unde

292 3471 443 3536 edoctum
475 3492 549 3535 eum
581 3492 651 3534 esse
683 3471 871 3554 putabimus
905 3468 1001 3558 (Dor.
1025 3471 1104 3554 506,
1131 3472 1171 3536 19
1200 3478 1234 3537 et
1262 3473 1304 3536 23
1334 3485 1467 3556 πρῶτον

384 3737 410 3803 1)
429 3733 540 3788 Diocles
560 3732 671 3803 quando
690 3732 794 3788 vixerit
811 3750 847 3788 ne
862 3734 962 3790 incerti
980 3735 1154 3801 haereamus,
1174 3734 1247 3790 addo
1268 3738 1349 3792 hacc:
1370 3736 1466 3792 Galen.

294 3825 319 3878 11
334 3829 386 3878 905
401 3824 447 3878 K:
473 3827 592 3891 Διοκλῆς
611 3822 626 3877 ό
645 3823 801 3893 Καρύστιος
820 3823 868 3877 καλ
886 3822 1072 3893 Πραξαγόρας
1096 3823 1110 3878 ό
1129 3825 1209 3897 Κῷος
1232 3825 1332 3895 μικρὸν
1351 3823 1467 3896 ὕστερον

288 3911 492 3982 Ἱπποκράτους
510 3911 662 3982 γεγονότες.
700 3912 775 3967 Idem
795 3913 858 3966 XIV
875 3920 926 3967 683
943 3913 987 3967 K.=
1014 3912 1084 3983 μετὰ
1102 3911 1133 3967 δὲ
1153 3921 1253 3968 τοῦτον
1271 3915 1343 3984 (scil.
1361 3915 1467 3985 Hippo-

294 4004 410 4070 cratem)
431 4007 461 4056 Δ.
484 4001 498 4055 ὁ
517 4001 682 4071 Καρύστιος,
701 3999 887 4071 Πραξαγόρας
900 4003 989 4074 Κῷος,
1003 4000 1155 4070 Ἡρόφιλος
1169 4002 1369 4072 Χαλκηδόνιος,
1385 4001 1467 4074 Ἐρα-

294 4094 437 4162 σίοτρατος
455 4095 531 4154 Χῖος.
569 4090 664 4145 Celsus
684 4090 719 4145 da
737 4091 808 4144 med.
830 4090 842 4142 I
861 4105 983 4158 prooem.
1004 4095 1042 4158 (p.
1063 4097 1093 4158 2,
1115 4097 1146 4146 17
1167 4091 1361 4163 Daremberg):
1388 4095 1470 4164 ‘post

294 4199 377 4250 quem
397 4181 466 4250 (scil.
482 4180 692 4249 Hippocratem)
712 4178 824 4233 Diocles
844 4179 1001 4249 Carystius,
1021 4179 1123 4235 deinde
1143 4181 1315 4251 Praxagoras
1335 4184 1364 4237 et
1381 4183 1467 4252 Chry-

294 4271 417 4340 sippus'.
455 4268 561 4323 Plinius
584 4271 641 4323 nat.
661 4268 725 4322 hist.
746 4273 793 4334 26,
813 4275 842 4322 λι
868 4269 1021 4323 ‘secundus
1041 4270 1135 4323 aetate
1156 4269 1288 4339 famaque
1312 4271 1383 4340 (scil.
1402 4273 1469 4341 post

294 4358 527 4429 Hippocratem)'.
548 4388 581 4398 --
605 4356 684 4411 Vixit
710 4356 798 4427 igitur
821 4357 1010 4426 Praxagoram
1034 4358 1107 4412 inter
1131 4361 1159 4412 et
1181 4358 1394 4429 Hippocratem,
1422 4361 1468 4416 rel

296 4448 427 4516 Ctesiam,
446 4447 546 4515 utpote
565 4449 663 4502 contra
681 4463 764 4514 quem
785 4446 919 4501 scriberet
936 4446 1009 4515 (Gal.
1023 4446 1115 4500 XVIII
1131 4449 1182 4516 72).
