3358 5132
748 348 967 414 ,qq-

271 509 379 574 valere
409 530 481 574 cum
510 509 603 592 dicit,
637 532 713 574 cave
744 513 901 593 quattuor
929 510 1163 574 elementorum
1191 507 1374 574 doctrinam
1405 507 1447 572 ab

156 621 160 628 ’
274 615 470 698 Empedocle
494 617 713 701 excogitatam
736 616 791 680 hic
811 616 1004 681 immisceas.
1042 615 1147 680 Immo
1172 616 1209 680 de
1229 614 1446 699 qualitatibus

272 722 342 806 agit
365 721 495 806 Accius,
523 723 571 787 ita
598 726 636 786 ut
659 723 706 788 nil
730 721 819 787 aliud
842 722 930 787 dicat
952 722 1107 788 Alcmaeo
1131 723 1195 788 nisi
1220 744 1337 807 corpus
1360 723 1449 788 iusta

271 832 492 912 temperatura
524 829 660 895 calidius
695 829 746 894 vel
779 829 932 914 frigidius
964 830 1015 895 vel
1047 829 1164 894 siccius
1199 829 1251 894 vel
1285 828 1447 894 humidius

271 937 384 1000 morbo
418 935 538 1020 corripi
570 935 682 1002 solere.
712 973 753 982 -
781 933 850 1000 Iam
884 958 967 1020 quae
1000 940 1181 1019 sequuntur
1213 959 1309 1002 voces
1341 938 1447 1020 γλυκὺ

269 1044 390 1128 πικρὸν
419 1043 499 1126 quin
522 1043 560 1107 de
584 1043 671 1108 sucis
695 1042 825 1128 corpori
847 1042 981 1109 inclusis
1009 1042 1242 1128 intelligendae
1266 1044 1334 1108 sint
1357 1042 1447 1106 dubi·

271 1149 336 1212 tari
359 1149 482 1235 nequit,
506 1172 579 1215 cum
603 1154 718 1216 auctor
742 1150 779 1214 de
800 1151 906 1233 prisca
926 1149 1092 1232 medicina,
1117 1150 1173 1233 qui
1193 1153 1226 1214 et
1244 1150 1313 1234 ipse
1333 1146 1447 1235 (Hipp.

269 1253 401 1341 116,2
425 1241 633 1342 Ktihleuein)
661 1258 711 1322 ἔνι
735 1257 843 1340 inquit
872 1256 908 1321 ἐν
933 1255 1101 1343 ἀνθρώπῳ
1130 1253 1184 1320 καὶ
1215 1255 1365 1338 ἁλμυρὸν
1392 1252 1447 1320 καὶ

271 1363 392 1444 πικρὸν
415 1360 470 1427 ναὶ
488 1366 594 1446 γλυκὺ
613 1361 667 1428 καὶ
687 1362 745 1441 ὀξὺ
765 1360 818 1427 καὶ
839 1365 1009 1448 στρυφνὸν
1027 1360 1080 1427 καὶ
1100 1363 1272 1448 πλαδαρὸν
1290 1359 1345 1427 καὶ
1364 1362 1448 1426 ἄλλα

270 1472 372 1554 μυρία
394 1473 551 1546 παντοίας
579 1470 741 1554 δυνάμιας
769 1472 886 1554 ἔχοντα
909 1471 1038 1553 πλῆθός
1060 1492 1095 1533 τε
1118 1466 1173 1533 καὶ
1197 1469 1307 1552 ἰσχύν,
1335 1467 1447 1532 eadem

270 1576 400 1661 saepius
421 1577 564 1661 appellet
581 1579 707 1662 χυμούς
721 1573 778 1662 (ib.
796 1578 847 1660 16,
864 1579 919 1662 163
934 1577 987 1661 26,
1002 1577 1044 1640 20
1055 1597 1136 1662 sqq,
1153 1577 1205 1659 30,
1217 1573 1263 1662 2).
1299 1574 1447 1658 Denique

273 1684 372 1747 verba
397 1687 542 1748 extrema
564 1681 619 1748 καὶ
642 1684 682 1747 τά
706 1683 804 1749 λοιπά
833 1684 910 1767 quid
936 1683 1000 1747 sibi
1023 1683 1126 1747 velint
1150 1682 1294 1747 ostendit
1318 1679 1448 1765 Simpli-

272 1789 340 1853 cius
349 1786 375 1875 1)
402 1811 552 1872 narrans,
586 1790 859 1873 quemadmodum
886 1789 922 1853 in
949 1789 1100 1854 omnibus
1129 1788 1367 1854 contrariorum
1394 1808 1447 1872 ge-

272 1894 404 1959 neribus
424 1918 538 1960 unum
556 1897 793 1961 contrariorum
814 1919 875 1980 par
894 1895 1061 1962 omnium
1081 1896 1175 1978 quasi
1193 1895 1350 1961 vicarium
1368 1895 1447 1979 poni

271 2002 385 2087 soleat,
404 2025 429 2066 e.
445 2023 493 2088 gr.
511 2002 643 2088 nigrum
662 2003 772 2068 album
792 2026 851 2087 pro
866 2007 938 2069 tota
957 2002 1102 2067 colorum
1121 2003 1290 2087 varietate,
1309 2002 1446 2068 eundem

270 2108 370 2172 etiarn
387 2110 509 2193 πικρὸν
531 2112 637 2192 γλυκὺ
661 2109 806 2174 omnium
825 2109 1042 2196 gustabilium
1061 2109 1258 2193 qualitatum
1281 2109 1353 2173 loco
1374 2109 1446 2173 dici.

275 2213 363 2288 Quae
387 2214 454 2279 fere
478 2216 577 2280 verba
600 2216 685 2300 apud
703 2216 935 2281 Alcmaeonem
959 2216 1138 2300 supplenda
1162 2217 1236 2300 sint,
1260 2216 1355 2281 docet
1373 2238 1445 2280 auc·

272 2321 355 2386 toris
379 2321 418 2385 de
441 2321 549 2405 prisca
572 2321 732 2387 medicina
755 2322 844 2408 (1.1.)
868 2323 995 2407 plenior
1018 2324 1227 2389 enumeratio.

361 2427 454 2503 Quod
477 2428 636 2513 placitum
660 2429 739 2494 adeo
764 2430 848 2513 apud
872 2430 1069 2513 posteriores
1094 2429 1236 2494 medicos
1259 2429 1447 2515 increbruit,

269 2540 307 2600 ut
329 2535 424 2602 facila
452 2536 630 2602 medicinae
659 2557 793 2622 graecae
822 2536 1068 2602 fundamentum
1096 2537 1195 2602 dicas.
1242 2536 1446 2621 Quamquam

268 2665 364 2707 nemo
394 2665 493 2708 sanus
522 2642 696 2707 mirabitur
724 2643 936 2727 posteriores,
964 2643 1020 2726 qui
1049 2642 1155 2728 magis
1182 2645 1350 2730 magisque
1375 2665 1445 2708 sen·

269 2749 408 2814 tentiam
427 2750 518 2813 illam
538 2750 739 2834 excolebant,
762 2749 920 2814 nonnulla
938 2753 1081 2814 mutasse
1100 2750 1257 2815 nonnulla
1275 2750 1445 2815 addidisse.

267 2854 384 2939 Itaque
412 2859 489 2920 sunt
516 2855 551 2919 in
579 2855 698 2939 quibus
726 2879 744 2920 a
771 2856 935 2942 plerisque
962 2854 1171 2921 Crotoniatae
1201 2857 1364 2923 sententia
1391 2858 1446 2924 ab·

268 2962 411 3027 horreat.
458 2962 515 3026 Nil
538 2962 593 3027 ille
618 2963 655 3028 de
680 2964 864 3048 elementis,
891 2964 939 3027 nil
968 2963 1006 3027 de
1035 2968 1191 3047 quattuor
1215 2964 1300 3029 sucis
1328 2964 1446 3048 princi·

267 3069 411 3153 palibus3
434 3091 532 3153 porro
558 3091 639 3154 quae
664 3071 792 3155 saepius
815 3074 992 3135 narrantur
1010 3070 1048 3134 de
1068 3093 1221 3135 sucorum
1240 3071 1444 3155 μεταστάσει,

269 3176 375 3240 aliena
403 3199 473 3241 esse
503 3177 652 3242 videntur
681 3178 720 3241 ab
750 3177 839 3242 illius
867 3177 1003 3242 ratione.
1050 3176 1198 3262 Denique
1225 3200 1319 3244 sucos
1343 3177 1444 3243 alium

268 3284 301 3345 in
327 3283 427 3348 alium
455 3284 576 3348 mutari
604 3306 677 3349 eum
702 3285 874 3349 credidisse
902 3288 1042 3348 nonest
1070 3307 1127 3349 cur
1149 3288 1315 3370 putemus,
1343 3285 1443 3349 immo

270 3411 286 3452 e
310 3391 521 3454 nutrimentis
550 3393 715 3457 concoctis
745 3389 815 3478 (διὰ
838 3397 968 3475 πλῆθος
990 3400 1115 3476 τροφῆς
1137 3390 1157 3473 ἧ
1182 3388 1328 3476 ἔνδειαν)
1357 3391 1444 3476 quod

269 3517 345 3559 suae
365 3496 520 3580 cuiusque
538 3501 674 3562 naturae
693 3501 807 3581 aptum
822 3501 871 3562 est
891 3496 1068 3563 attrahere..
1102 3496 1198 3561 Haud
1218 3519 1310 3562 secus
1325 3497 1444 3581 Empe-

268 3601 377 3667 docles
401 3603 439 3667 de
465 3603 611 3668 ciborum
636 3605 845 3670 concoctione
869 3605 998 3668 locutus
1022 3601 1066 3689 (v.
1085 3605 1150 3668 282
1162 3626 1207 3688 sq.
1228 3601 1303 3689 St.):

313 3725 357 3804 ὣς
380 3729 484 3810 γλυκὺ
508 3725 569 3812 μὲν
592 3732 698 3812 γλυκὺ
722 3729 858 3814 μάρπτε,
881 3730 1001 3812 μικρὸν
1020 3722 1052 3792 d'
1075 3725 1128 3792 ἐπὶ
1151 3730 1271 3812 πικρὸν
1290 3730 1443 3815 ὄρουσεν,

312 3833 370 3912 ὀξὺ
394 3831 424 3899 d'
447 3831 497 3898 ἐπ’
520 3835 579 3914 ὀξὺ
603 3838 673 3920 ἔβη,
697 3837 839 3921 δαλερὸν
862 3837 991 3920 dulcorat
1016 3833 1043 3899 d
1070 3834 1237 3921 ἐπόχευεν.

358 3960 464 4036 Quam
492 3959 532 4022 ad
560 3981 709 4023 normam
738 3980 963 4043 comparemus
992 3963 1123 4043 oportet
1148 3958 1338 4026 Aristotelis
1367 3961 1444 4026 illos

267 4067 357 4133 locos
386 4089 468 4151 quos
497 4065 660 4131 Sanderus
689 4067 730 4129 ab
759 4064 955 4134 Alcmaeone
983 4070 1133 4149 sumptos
1162 4087 1232 4130 esse
1261 4066 1443 4131 contendit:

266 4173 344 4259 Top.
370 4173 418 4238 VI
442 4177 462 4238 2
486 4196 559 4259 pag.
586 4173 648 4237 139
673 4172 694 4236 b
719 4173 774 4260 213
802 4172 878 4237 ibid.
898 4170 944 4235 Vl
969 4171 1087 4256 6,145
1111 4172 1132 4236 b
1157 4174 1191 4256 83
1219 4172 1316 4258 Phys.
1337 4171 1443 4238 Vll3

267 4303 342 4368 pag.
361 4282 426 4347 246
446 4281 467 4345 b
486 4280 517 4345 4.
560 4279 648 4346 Satis
671 4279 775 4346 habeo
800 4303 873 4344 eum
897 4278 1011 4343 afferre
1034 4279 1152 4364 locum,
1176 4301 1272 4364 quern
1297 4281 1444 4344 omnium

352 4409 481 4416 *-

357 4477 384 4543 1)
404 4475 432 4528 in
450 4474 529 4543 phys.
546 4480 605 4542 193,
621 4481 649 4542 Ἰ,
664 4479 726 4543 406,
741 4479 775 4528 24
789 4473 876 4528 Diels.
906 4471 945 4526 (ll.
961 4471 1076 4528 Aristot.
1091 4473 1125 4526 de
1140 4473 1242 4529 sensib.
1258 4492 1285 4542 p.
1300 4479 1352 4528 442
1368 4490 1385 4528 a
1401 4479 1443 4532 12.
