3358 5132
753 357 973 424 ..53-

411 525 449 588 τὸ
471 522 659 605 ἀεικίνητον
714 550 754 572 =
779 517 951 584 ἀθάνατον

294 673 298 680 -
411 632 450 695 τὸ
471 629 689 710 αιἠονίνητον
713 657 755 680 ==
779 625 968 708 ἀεικίνῃον

410 738 448 801 τὸ
471 736 689 819 αὐτοκίνητον
714 765 754 786 =
778 733 952 798 ἀθάνατον

277 845 344 909 iam
410 840 544 924 ἡψυχή
713 869 756 892 =
778 840 817 903 τὸ
840 839 1058 921 αὐτοκίνητον

277 971 357 1037 ergo
409 948 549 1034 ἡψυψή
713 976 754 998 =
777 944 953 1023 ἀθάνατος.

364 1056 436 1120 Iam
463 1054 565 1119 miror
597 1054 683 1118 haud
715 1074 837 1137 paucos
868 1051 1009 1118 inveniri
1044 1055 1100 1140 qui
1130 1078 1148 1120 e
1176 1057 1269 1120 motu
1297 1061 1456 1140 perpetuo

276 1165 509 1231 Alcmaeonem
542 1159 784 1226 stellarum
816 1158 1023 1225 divinitatem
1056 1160 1199 1226 effecisse
1229 1167 1353 1246 putent.
1401 1162 1457 1230 Sic

276 1270 455 1337 Krischeus
474 1266 509 1357 (l.
520 1265 557 1355 l.)
565 1266 600 1355 ¹),
612 1266 862 1332 Tennemannus
868 1264 905 1352 ²),
919 1263 1165 1356 (lhaignetus'),
1178 1266 1458 1357 Philippsonus4),

276 1379 341 1444 alii
388 1375 452 1442 sed
475 1377 505 1442 si
527 1375 724 1442 Krischeum
751 1375 856 1440 secuti
884 1379 1011 1440 motum
1039 1379 1234 1461 perpetuum
1262 1377 1456 1442 immortali-

276 1485 356 1550 tatis
380 1484 511 1570 signum
530 1482 763 1548 Alcmaeonem
785 1485 920 1566 putasse
941 1481 1113 1568 oredimus,
1135 1482 1222 1548 haud
1241 1483 1309 1549 scio
1334 1505 1391 1548 our
1413 1485 1455 1548 ad

277 1593 404 1658 animae
431 1591 717 1655 immortalilatem
745 1590 979 1654 ostendendam
1011 1591 1179 1656 stellarum
1208 1590 1455 1655 similitudinem

278 1698 529 1784 comparaverit,
564 1720 637 1762 oum
670 1697 776 1761 dicere
809 1695 839 1760 ei
871 1696 1002 1762 licuerit
1039 1697 1293 1783 simplicissime:
1330 1695 1456 1762 ‘anima

276 1811 434 1890 perpetuo
468 1809 560 1870 motu
592 1808 757 1888 movetur,
788 1825 868 1890 ergo
898 1805 1096 1869 immortalis
1127 1805 1203 1870 est'.
1247 1804 1353 1868 Immo
1382 1826 1456 1870 oon·

277 1912 379 1978 traria
400 1911 454 1976 via
476 1911 670 1996 ingressum,
693 1932 768 1975 cum
792 1911 915 1997 stellas,
937 1932 1018 1995 quas
1037 1911 1164 1976 divinas
1187 1912 1340 1978 credebat
1362 1911 1455 1997 vulgi

277 2019 463 2104 opinionem
489 2019 718 2104 perantiquam
748 2022 892 2103 secutus,
925 2040 1054 2103 semper
1081 2018 1283 2084 circumferri
1310 2017 1456 2088 udisset

277 2132 403 2194 motum
426 2130 621 2211 perpetuum
643 2125 905 2191 immortalitatis
934 2125 1064 2211 signum
1088 2148 1159 2192 esse
1183 2149 1258 2192 eum
1280 2124 1452 2212 colleffi'sse

277 2235 446 2301 contenda

301 2401 304 2408 ,
365 2341 497 2419 Restat,
524 2345 561 2405 nt
584 2362 778 2426 quaeramus
801 2341 932 2424 qualem
956 2341 1083 2406 animae
1110 2345 1261 2407 naturam
1285 2363 1356 2406 esse
1379 2339 1454 2405 Alc-

277 2472 369 2514 maeo
392 2447 531 2512 finxerit.
578 2448 624 2512 Et
647 2448 867 2532 Philoponum
896 2449 1042 2533 quidem,
1070 2449 1127 2533 qui
1150 2447 1186 2514 ἐκ
1208 2459 1269 2515 τοῦ
1291 2448 1454 2534 οὐρανίου

277 2558 427 2641 σώματος
448 2577 521 2620 eam
544 2560 651 2621 ortam
674 2577 745 2621 ease
769 2556 855 2641 vult,
878 2527 1001 2621 temeie
1023 2555 1142 2642 nugari
1166 2557 1356 2622 Aristotelis
1381 2578 1454 2621 auc-

276 2664 359 2731 toris
382 2663 481 2728 verba
503 2663 628 2730 docent.
674 2661 777 2729 Porro
801 2685 818 2728 e
842 2667 998 2729 contextu
1020 2664 1168 2730 locorum
1191 2667 1224 2728 et
1247 2661 1453 2728 Aristotelici

277 2769 330 2856 (de
353 2793 403 2834 an.
426 2768 493 2834 405
521 2793 541 2836 a
568 2767 626 2856 29)
650 2774 684 2835 et
706 2769 871 2836 Platonici
895 2769 1040 2855 (Phaedo
1063 2771 1107 2836 96
1121 2768 1165 2857 B)
1189 2773 1452 2855 apparatusque

277 2901 295 2943 e
318 2877 476 2963 sauguine
499 2899 604 2961 neque
627 2898 666 2941 ex
689 2877 759 2962 igni
786 2899 889 2961 neque
913 2900 953 2941 ex
976 2900 1049 2942 aere
1075 2900 1180 2963 neque
1205 2901 1222 2943 e
1246 2877 1366 2962 spiritu
1387 2875 1451 2940 fer-

277 2985 351 3050 vido
375 3006 448 3049 eam
470 2986 629 3068 constare,
654 3006 736 3068 quae
760 2984 816 3068 qui
839 2989 1019 3068 posuerunt
1037 2984 1163 3049 animae
1189 2984 1361 3050 materiam
1380 3006 1452 3049 esse

276 3091 387 3177 paullo
422 3095 497 3156 ante
530 3094 668 3175 utroque
701 3092 773 3156 loco
806 3092 986 3156 enumerati
1015 3095 1099 3156 sunt.
1145 3091 1251 3156 Immo
1279 3091 1451 3155 Rhodeum

278 3199 415 3284 (Psyche
443 3218 517 3284 pag.
541 3198 620 3280 464,
647 3196 680 3285 1)
709 3199 737 3262 si
765 3199 944 3284 sequimur,
977 3199 1114 3264 materia
1145 3199 1288 3263 animam
1316 3219 1452 3282 prorsus

254 3309 386 3371 'carere
401 3303 555 3370 Alcmaeo
575 3305 720 3369 credidit.
752 3304 785 3369 N
787 3328 840 3369 am
859 3327 933 3370 cum
946 3303 1112 3390 Alcmaeo,
1131 3309 1245 3390 utpote
1264 3305 1321 3389 qui
1335 3323 1450 3368 sensus

277 3434 296 3475 a
324 3411 450 3476 ratione
477 3410 672 3496 distinguat,
700 3411 894 3495 Empedocli
922 3434 941 3476 a
969 3411 1196 3496 Theophrasto
1224 3405 1452 3496 opponatu15),

276 3516 505 3602 Empedocles,
533 3538 729 3601 quamquam
758 3522 791 3582 et
813 3519 922 3603 ipsum
951 3539 1064 3584 sensus
1088 3523 1122 3584 et
1145 3519 1306 3585 rationem
1334 3519 1452 3584 discre-

276 3625 361 3690 visse
390 3628 520 3690 coustat
548 3622 676 3711 (Rohde
704 3627 725 3689 l.
749 3626 768 3692 l.
795 3623 885 3712 469),
916 3630 1025 3692 tamen
1054 3648 1092 3691 ea
1119 3649 1153 3690 re
1183 3627 1224 3691 ab
1253 3625 1450 3690 Alcmaeone

275 3732 448 3797 dissentire
471 3733 634 3816 putandus
653 3736 713 3818 est,
737 3735 823 3817 quod
847 3733 1002 3818 quopiam
1024 3734 1120 3798 modo
1144 3755 1257 3799 sensus
1276 3732 1452 3798 rationem-

367 3963 392 4031 1)
411 3962 474 4016 Deo
494 3962 595 4017 Graod
611 3963 661 4030 satr
679 3963 724 4017 die
742 3962 916 4018 Gottlicllreit
933 3963 981 4018 der
998 3963 1124 4019 Gestirrse
1142 3963 1173 4018 io
1190 3963 1265 4018 ihrer
1282 3962 1383 4033 cwipen
1396 3961 1451 4016 Be·

275 4068 390 4121 wcgsmp
408 4067 443 4106 νν
460 4051 526 4107 seta
544 4051 597 4106 etc.
616 4053 691 4120 (pag.
709 4053 761 4120 76).

365 4143 392 4210 2)
414 4139 506 4197 Gescl.
522 4139 549 4195 d.
564 4139 665 4194 Philos.
680 4137 693 4192 I
709 4145 767 4195 144.

365 4233 393 4299 3)
412 4231 568 4302 Pythayore
586 4229 612 4283 11
626 4235 691 4295 2183
711 4229 785 4285 Hal.
804 4232 830 4286 d.
851 4231 879 4286 lo
893 4231 1014 4302 psyctol.
1035 4230 1081 4285 dea
1101 4229 1186 4286 Greos
1204 4231 1274 4286 159.

363 4321 390 4387 4)
409 4318 426 4374 l.
441 4318 458 4373 l.
477 4335 542 4388 pag.
558 4325 600 4373 72.

366 4409 394 4477 t)
412 4405 464 4476 ἧς.
481 4409 506 4461 ll
525 4408 561 4470 ὡς
581 4405 675 4479 ἕτερον
695 4405 727 4463 ὃν
742 4407 772 4463 τὸ
787 4415 905 4480 φρονεῖν
920 4407 968 4463 καὶ
983 4405 1177 4463 αἰσθάνεσθαι
1191 4406 1241 4462 ναὶ
1255 4407 1297 4477 ot,
1316 4406 1452 4479 καθάπερ

272 4494 471 4566 Ἐμπεδοκλῆς,
488 4493 599 4552 ταύτόν.
