3358 5132
776 316 994 379 -10.-

298 475 517 562 periculosum
541 477 673 561 plenum
701 498 782 560 opus
812 475 914 560 aleae,
942 498 1016 541 cum
1043 497 1109 540 non
1138 476 1243 540 solum
1272 499 1334 541 vox
1361 475 1473 558 ἡλικία

299 606 416 668 anceps
440 584 493 668 sit,
516 584 635 668 quippe
660 605 742 668 quae
767 585 800 646 et
818 586 961 646 aetatem
984 605 1048 666 qua
1072 583 1143 668 quis
1168 583 1286 650 vixerit
1310 587 1343 647 et
1361 583 1473 647 iuven-

299 694 405 754 tutem
429 713 543 755 sonare
567 690 686 774 possit,
715 690 770 753 sed
794 689 894 752 etiam
918 686 1046 771 ἐγένετο
1071 690 1146 773 quid
1171 691 1334 777 significet
1357 713 1473 774 parum

300 800 436 861 constet.
483 795 569 861 Nam
600 818 673 860 cum
702 795 854 861 Rohdeus
883 793 981 883 (Mus.
1005 795 1065 860 Rh.
1089 795 1200 861 XXIII
1227 798 1287 862 161
1301 795 1385 884 sqq.)
1413 820 1473 862 nos

300 903 447 967 docuerit
470 903 504 967 in
527 902 672 968 virorum
697 904 857 968 clarorum
883 902 1046 967 aetatibus
1071 903 1262 968 definiendis
1285 925 1397 968 vocem
1420 900 1473 984 γε’-

299 1032 376 1091 νονε
401 1010 513 1074 eodem
536 1010 726 1094 plerumque
749 1031 846 1074 sensu
870 1008 1017 1075 adhiberi
1045 1031 1110 1093 quo
1138 1012 1278 1094 ἤκμασε,
1305 1031 1370 1073 non
1399 1008 1475 1072 alie-

298 1139 376 1180 num
399 1115 528 1181 videtur
552 1139 720 1200 quaerere,
743 1139 821 1180 num
845 1115 944 1180 etiam
967 1138 1045 1181 voce
1069 1115 1199 1199 ἐγένετο
1224 1116 1323 1181 simili
1346 1116 1474 1179 ratione

299 1223 426 1308 antiqui
449 1223 500 1288 usi
524 1222 599 1288 sint.
645 1223 755 1307 Atque
779 1223 932 1288 Rohdeus
958 1220 992 1310 (l.
1006 1223 1027 1288 l.
1051 1245 1124 1309 pag.
1144 1224 1219 1308 219,
1239 1221 1272 1309 1)
1302 1222 1381 1287 dicit
1404 1219 1474 1304 ἐγέ-

299 1353 374 1396 νετο
409 1331 596 1415 saepissime
630 1332 715 1396 idem
749 1352 819 1395 esse
854 1331 940 1415 quod
974 1328 1153 1414 ἐγεννήθη,
1186 1329 1352 1394 rarissime
1388 1329 1474 1412 quod

298 1439 436 1521 ἤκμασες
467 1439 522 1502 sed
548 1458 622 1523 pag.
648 1437 711 1502 638
741 1437 810 1521 ipse
838 1436 1019 1502 contrariae
1049 1437 1297 1523 significationis
1327 1436 1475 1519 exempla

300 1546 457 1628 quaedam
481 1549 657 1611 enumeret.
699 1543 813 1628 Itaque
837 1545 877 1608 ad
901 1545 1118 1608 renovandam
1141 1546 1225 1610 hanc
1249 1541 1474 1628 quaestionem

300 1652 417 1737 collegi
441 1651 581 1734 undique
611 1655 691 1735 quot
714 1651 807 1735 potui
834 1650 932 1715 huius
957 1650 1116 1716 sermonis
1141 1652 1300 1736 exempla,
1329 1672 1410 1734 quae
1433 1673 1475 1714 ne

302 1758 382 1822 satis
406 1780 510 1842 pauca
534 1780 604 1822 esse
628 1758 766 1842 mireris,
789 1780 902 1822 vocem
927 1755 1057 1841 ἐγένετο
1080 1760 1184 1823 multo
1208 1758 1312 1822 rarius
1337 1755 1476 1821 inveniri

300 1887 398 1949 quam
420 1863 536 1948 γέγονε
560 1865 652 1930 scito.
699 1864 850 1949 Propone
874 1864 936 1929 tibi
958 1864 1052 1930 haec:

347 1992 375 2054 1.
409 1987 525 2054 Suidas
546 2011 570 2054 s.
584 2011 613 2053 r.
630 1989 752 2074 Χάρων
766 1991 1004 2072 Λαμψακηνόςε
1024 1972 1202 2074 γενόμενος
1220 1991 1301 2055 κατὰ
1315 1991 1373 2054 τὸν
1387 1999 1476 2074 πρω-

407 2120 467 2161 τον
490 2101 637 2182 Δαρεῖον
662 2092 713 2174 ξδ’
738 2095 929 2180 ὀλυμπιάδι,
952 2101 1079 2179 μᾶλλον
1103 2093 1132 2161 δ’
1155 2091 1198 2180 ἦν
1222 2095 1363 2162 ἐπὶτῶν
1387 2101 1476 2181 Περ-

408 2213 510 2267 σικῶν
533 2203 615 2268 κατὰ
638 2204 699 2286 τὴν
724 2199 767 2266 os‘
792 2202 990 2286 ὀλυμπιάδα.

344 2310 373 2374 2.
408 2307 524 2374 Suidas
548 2332 573 2375 s.
591 2333 620 2374 v.
645 2309 859 2392 Σωσιφάνηςε
890 2308 1021 2392 ἐγένετο
1051 2308 1080 2375 δ’
1108 2308 1161 2374 ἐπὶ
1189 2321 1256 2376 τῶν
1279 2313 1477 2375 τελευταίων

406 2420 537 2502 χρόνων
563 2420 742 2499 Φιλίππου,
767 2417 802 2480 οἱ
823 2412 852 2480 δ’
877 2413 1095 2503 Ἀλεξάνδρου
1119 2426 1180 2482 τοῦ
1202 2418 1408 2492 Μακεδόνος.

301 2541 484 2625 Utrumque
517 2541 625 2605 locum
661 2539 756 2624 plane
793 2539 951 2605 incertum
986 2562 1056 2604 esse
1093 2542 1296 2607 demonstrat
1327 2541 1476 2606 Rohdius

302 2644 337 2734 (l.
357 2649 377 2713 l.
401 2671 432 2732 p.
451 2647 540 2731 219).

389 2771 459 2836 Iam
490 2793 545 2835 eos
573 2793 798 2836 enumeremus
829 2793 910 2855 quos
939 2772 977 2835 de
1005 2770 1169 2836 natalibus
1201 2773 1305 2837 dictos
1329 2794 1399 2837 esse
1423 2794 1478 2856 ap-

301 2884 408 2965 paret:

349 3007 376 3070 1.
408 3004 447 3069 ln
462 3003 648 3089 anaglypho
665 3004 838 3087 sepulcrali
854 3003 980 3069 Dexilei
996 3004 1117 3088 equitis
1130 3002 1338 3068 Atheniensis
1350 3001 1476 3091 (QLA.

407 3109 577 3196 112084):
602 3108 731 3194 ἐγένετο
754 3109 807 3175 ἐπὶ
829 3111 1035 3196 Τεισάνδρου
1059 3112 1229 3194 ἄρχοντος,
1253 3108 1400 3176 ἀπέθανε
1424 3105 1474 3175 ἐπ’

318 3196 327 3212 ’
408 3217 632 3302 Εὐβουλίδου.

347 3324 375 3387 2.
410 3322 524 3407 [Plut]
549 3324 576 3386 d.
596 3324 652 3388 vit.
673 3323 738 3388 dec.
759 3328 842 3391 orat.
861 3325 926 3390 835
948 3324 1011 3388 Fr:
1044 3328 1221 3408 γενόμενος
1245 3321 1327 3411 (scil.
1346 3321 1478 3411 Lysias)

410 3423 439 3493 δ’
464 3425 645 3513 Ἀθήνησιν
674 3428 726 3495 ἐπὶ
756 3427 959 3508 Φιλοκλέους
987 3432 1146 3517 ἄρχοντος
1174 3433 1255 3494 κατὰ
1282 3432 1319 3496 τὸ
1347 3427 1381 3515 β’
1406 3433 1479 3508 ἔτος

408 3545 465 3622 τῆς
487 3535 524 3602 π’
548 3538 753 3622 ὀλυμπιάδος
775 3539 813 3602 τὸ
836 3533 897 3621 μὲν
920 3549 1053 3623 πρῶτον
1076 3539 1331 3603 συνεπαιδεύετο
1354 3543 1421 3605 κτλ.

345 3663 373 3726 3.
407 3663 489 3726 lbid.
505 3663 569 3727 836
582 3662 647 3725 Fr:
663 3663 841 3745 γενόμενος
856 3661 937 3744 (soil.
948 3659 1125 3748 Isocrates)
1140 3663 1221 3726 κατὰ
1235 3663 1296 3745 τὴν
1310 3659 1361 3736 κε’
1373 3662 1473 3746 ὀλυμ-

409 3768 520 3833 πιάδα.
560 3767 663 3850 (Idem
688 3766 804 3832 Suidas
828 3791 852 3832 s.
868 3790 895 3832 v.
914 3765 1121 3854 Ἰσοκράτης).

345 3895 374 3957 4.
408 3892 566 3957 Herodoti
591 3915 621 3976 q.
643 3915 671 3957 v.
694 3893 763 3957 vita
787 3891 922 3957 Homeri
947 3893 1001 3957 38:
1030 3890 1086 3976 ἀφ’
1115 3887 1155 3958 οὗ
1184 3891 1213 3958 δ’
1233 3891 1377 3978 Ὅμηρος
1405 3891 1474 3976 ἐγέ-

408 4023 483 4064 νετο
502 3999 574 4064 ἔτεά
594 3999 685 4064 ἐστιν
708 3997 859 4076 ἑξακόσια
881 4000 1048 4065 εἰκοσιδύο
1068 3999 1162 4084 μέχρι
1181 4009 1237 4082 τῆς
1256 3999 1384 4086 Ξέρξεω
1403 4002 1472 4065 δια-

407 4107 543 4192 βάσεως.
590 4104 637 4173 (lf.
658 4107 828 4173 Rohdeum
852 4130 925 4194 pag.
945 4109 1019 4175 638.

345 4217 375 4280 5.
409 4214 607 4299 Hippolytus
631 4213 925 4298 philosophumena
947 4217 967 4280 6
991 4215 1148 4298 (Dorogr.
1168 4212 1329 4301 560,11):
1350 4212 1473 4293 Ἀναξά-

408 4322 553 4405 μανδρος
577 4318 707 4403 ἐγένετο
729 4323 811 4385 κατὰ
831 4325 901 4398 ἔτος
920 4327 1031 4408 τρίτον
1049 4332 1106 4406 τῆς
1124 4332 1380 4407 τετταρακοστῆς
1399 4325 1475 4387 δευ-

406 4424 502 4512 τέρας
525 4426 737 4511 ὀλυμπιάδος.
