3358 5132
667 336 886 398 „17-

193 490 360 574 tollemus3
384 491 522 557 alteram
546 513 620 556 vero
643 493 690 556 nil
713 493 821 558 valere
844 493 918 558 inde
938 492 1165 577 perspicuum,
1188 492 1277 577 quod
1300 513 1366 556 non

189 596 296 662 solum
319 619 481 681 nusquam
506 619 686 683 cognomen
714 599 755 662 ab
779 599 844 665 alio
869 598 1007 682 quodam
1033 598 1153 682 oppido
1177 600 1311 662 ductum
1336 598 1365 662 ei

189 701 332 790 dacur1),
361 705 417 768 sed
442 705 542 769 etiam
565 703 766 771 lamblichus
791 703 880 793 (1.1.)
908 705 965 770 ubi
994 706 1032 770 de
1061 705 1176 789 patriis
1200 704 1368 789 Pythago-

191 831 320 874 reorum
358 811 505 894 loquitur
542 809 745 877 Crotoniatis
782 835 856 877 eum
893 815 1095 876 annumerat.
1143 809 1258 895 Neque
1295 811 1365 894 ipse

188 916 345 982 Alcmaeo
379 917 511 982 ineunte
548 919 632 984 libro
666 916 724 1004 (cf.
758 918 789 983 h.
822 920 898 984 diss.
930 940 1006 1004 pag.
1032 920 1071 1002 7)
1104 918 1208 1002 patris
1230 917 1366 1000 ¹nomini

189 1023 320 1088 scholae
343 1045 463 1089 nomen
486 1026 676 1110 apposuisse
699 1027 863 1110 putandus
887 1031 945 1091 est

277 1131 439 1196 Medicum
468 1131 700 1198 Alcmaeonem
732 1132 834 1199 fuisse
868 1133 997 1198 etiamsi
1025 1153 1186 1216 nusquam
1214 1132 1366 1214 traditur,

188 1242 298 1302 tamen
330 1237 398 1302 veri
431 1243 482 1304 est
515 1239 727 1303 simillimum.
774 1239 861 1304 Num
899 1239 983 1325 quod
1021 1241 1118 1304 rebus
1153 1262 1172 1303 a
1205 1238 1366 1303 medicina

188 1346 322 1410 remotis
351 1368 484 1429 opernm
512 1346 601 1410 dedit
629 1369 670 1410 ne
694 1345 849 1411 miremur
877 1345 957 1410 facit
982 1345 1180 1426 Aristoteles
1206 1347 1244 1410 de
1269 1367 1366 1410 sensu

188 1451 203 1515 I
223 1456 312 1538 (pag.
330 1453 396 1517 436
416 1475 435 1516 a
456 1450 525 1538 19):
550 1454 669 1538 σχεδὸν
691 1463 759 1517 τῶν
778 1476 811 1518 τε
834 1450 909 1536 περὶ
932 1455 1065 1537 φύσεως
1088 1453 1289 1518 οἱπλεῖστοι
1311 1449 1366 1517 καὶ

189 1569 255 1622 τῶν
284 1560 405 1640 ἰατρῶν
434 1559 470 1623 ολ
495 1557 774 1643 φιλοσοφωτέρως
802 1560 863 1642 τὴν
890 1557 1011 1643 τέχνην
1038 1562 1219 1643 μετιόντες,
1248 1559 1284 1624 ολ
1307 1555 1368 1642 μὲν

187 1670 384 1730 τελευτῶσιν
418 1666 464 1741 εἰς
492 1665 532 1729 τὰ
559 1664 635 1746 περὶ
663 1668 824 1749 ἰατρικῆς,
852 1666 889 1729 ολ
917 1661 947 1728 d'
975 1664 1011 1729 ἐκ
1037 1677 1105 1731 τῶν
1132 1664 1207 1747 περὶ
1235 1666 1368 1750 φύσεως

188 1773 345 1856 ἄρχονται
376 1769 451 1855 τιερὶ
478 1783 535 1856 τῆς
563 1770 751 1857 turpinus-F)
799 1772 906 1837 Multo
935 1776 1023 1837 certe
1052 1773 1158 1858 magis
1189 1772 1368 1839 medicinae

188 1902 262 1944 eum
289 1879 452 1943 studuisse
476 1877 599 1942 Laertii
630 1876 806 1942 ostendunt
834 1880 873 1943 de
901 1878 986 1944 libro
1015 1878 1084 1944 eius
1115 1881 1215 1944 verba
1243 1878 1298 1944 καὶ
1326 1880 1366 1944 τὰ

187 1986 324 2051 πλεῖστά
360 1982 390 2068 y'
424 1985 553 2068 ἰατρικὰ
590 1981 691 2066 λέγει·
729 1984 818 2067 ὅμως
855 1981 892 2049 δὲ
929 1983 983 2050 καὶ
1015 1991 1215 2069 φυσιολογεῖ
1250 1985 1367 2069 ἐνίοτε,

188 2115 270 2177 quae
300 2091 425 2176 optimo
455 2114 494 2156 ex
521 2090 613 2156 fonte
640 2091 773 2156 fluxisse
801 2092 953 2156 videntur
981 2093 1035 2176 (cf.
1053 2092 1085 2157 h.
1105 2094 1181 2158 diss.
1205 2114 1279 2178 pag.
1299 2089 1367 2177 33).

187 2197 361 2263 Praeterea
393 2200 430 2263 de
464 2199 630 2263 anatomia
662 2198 785 2283 optime
817 2198 910 2263 illum
944 2199 1099 2265 meritum
1131 2222 1203 2266 esse
1236 2203 1367 2266 constat

188 2329 205 2370 e
229 2303 389 2372 Chalcidii
412 2302 601 2390 (comment.
625 2306 660 2370 in
678 2304 827 2371 Platonis
842 2306 1011 2371 Timaeum
1035 2328 1111 2393 pag.
1131 2309 1195 2372 279
1216 2304 1367 2390 Wrobel)

186 2411 252 2477 his:
274 2413 557 2497 „Demonstranda
579 2413 683 2498 igitur
707 2412 794 2476 oculi
811 2416 931 2476 natura
949 2418 1010 2496 est,
1034 2414 1073 2478 de
1092 2434 1157 2496 qua
1176 2434 1250 2477 cum
1269 2410 1367 2495 pleri-

188 2541 249 2602 que
279 2520 334 2583 alii
365 2523 435 2583 tum
464 2517 620 2583 Alcmaeo
649 2516 888 2603 Crotoniensis,
922 2519 958 2582 in
990 2519 1137 2603 physicis
1171 2520 1367 2584 exercitatus

187 2626 306 2710 quique
338 2627 464 2710 primus
493 2625 711 2690 exsectionem
743 2625 879 2710 aggredi
910 2647 1009 2691 ausus
1037 2629 1101 2708 est,
1128 2626 1302 2690 ...multa
1334 2628 1368 2688 et

186 2734 354 2817 praeclara
372 2734 408 2797 in
425 2733 531 2798 lucem
550 2731 804 2817 praetulerunt“.
841 2731 914 2797 Hoc
934 2753 1063 2817 quoque
1082 2736 1200 2796 notatu
1222 2733 1367 2817 dignum,

189 2841 275 2924 quod
298 2839 454 2906 Alcmaeo
479 2840 630 2905 omnibus
654 2839 694 2904 de
717 2840 867 2904 sensibus
891 2838 996 2904 fusius
1024 2840 1153 2904 locutus
1181 2840 1227 2904 nil
1250 2839 1368 2903 habuit

187 2950 272 3011 teste
286 2947 514 3030 Theophrasto
534 2943 588 3033 (de
608 2969 692 3010 sens.
707 2947 750 3012 26
769 2968 843 3032 pag.
859 2947 935 3031 507,
949 2946 970 3011 5
984 2943 1091 3031 Diels)
1112 2947 1198 3031 quod
1218 2948 1257 3011 de
1276 2950 1367 3010 tactu

189 3054 332 3136 adderet,
355 3053 423 3117 scil.
444 3054 530 3136 quod
553 3057 661 3118 tactus
684 3075 750 3117 non
775 3059 825 3117 est
849 3053 1031 3118 censorium
1056 3054 1143 3138 quod
1166 3053 1366 3118 sectionibus

187 3157 380 3243 investigari
406 3158 521 3243 possit.
568 3160 691 3224 Verum
720 3183 798 3224 num
826 3159 987 3224 invenerit
1022 3160 1152 3224 secandi
1182 3163 1300 3240 artem,
1332 3158 1368 3222 id

188 3265 275 3350 quod
298 3265 458 3330 Zellerum
482 3265 517 3353 (l.
534 3264 580 3352 l),
604 3267 894 3332 Windelbundium
913 3265 949 3352 (l.
968 3263 1013 3351 l),
1038 3265 1219 3330 Haeserum
1242 3263 1366 3350 (Gesch.

187 3375 216 3437 d.
237 3373 379 3438 Modicia
409 3372 426 3437 I
453 3371 524 3460 82),
558 3374 640 3438 alios
673 3396 864 3459 persuasum
897 3372 1018 3437 habere
1052 3372 1160 3456 video,
1193 3373 1228 3436 in
1261 3372 1366 3436 medio

187 3478 336 3564 equidem
364 3480 566 3564 reliquerim,
597 3503 662 3545 non
698 3483 784 3564 quod
812 3480 959 3544 diffidam
987 3477 1171 3563 Chalcidio,
1201 3479 1257 3543 sed
1290 3478 1367 3561 quia

187 3590 297 3652 utrum
321 3587 360 3651 de
384 3585 470 3650 oculi
494 3589 624 3651 tantum
648 3589 832 3653 exsectione
856 3610 898 3651 an
922 3587 1054 3651 omnino
1079 3586 1117 3649 de
1141 3589 1210 3650 arte
1235 3584 1366 3649 secandi

186 3694 340 3777 loquatur
364 3693 507 3757 dubitari
537 3699 657 3778 potest.
702 3692 788 3759 Illud
817 3694 931 3758 suadet
959 3694 1064 3757 totius
1092 3692 1157 3757 loci
1186 3695 1367 3774 contextus,

276 3923 302 3989 1)
322 3922 361 3976 Ut
369 3921 514 3976 Philolaus
528 3923 557 3975 iu
567 3919 713 3976 Menonsis
727 3921 865 3992 excerptis
881 3922 945 3988 (col.
956 3919 1047 3976 XVIII
1058 3925 1083 3987 8,
1098 3939 1162 3992 pag.
1174 3927 1207 3974 31
1219 3920 1263 3974 ed.
1275 3918 1368 3986 Diels)

186 4008 390 4079 Κροτωνιάτης,
408 4007 478 4064 alibi
496 4027 607 4080 semper
624 4010 683 4065 fere
701 4015 918 4073 Μεταποντῖνος
936 4014 1062 4066 vocatur.

275 4101 302 4164 λ)
321 4096 361 4152 cf.
381 4097 416 4150 de
435 4099 562 4168 respirat.
578 4105 630 4154 480
646 4102 663 4154 b
679 4105 714 4155 tt
734 4117 859 4172 quosque
879 4099 1023 4155 Bonitaius
1043 4098 1160 4171 collegit
1178 4099 1255 4154 locos
1274 4097 1303 4151 iu
1324 4098 1362 4150 In-

185 4187 247 4244 dIce
262 4187 377 4242 Aristot.
392 4203 456 4256 pag.
473 4194 524 4242 338
539 4206 556 4243 a
570 4195 613 4244 42.
646 4188 728 4244 Haud
744 4207 823 4245 secus
839 4188 966 4244 iudicant
979 4188 1175 4259 Hippocratici
1190 4191 1230 4258 (τ,
1245 4189 1336 4254 scopu.
1351 4194 1365 4240 1

187 4303 220 4322 =
235 4276 273 4331 IV
288 4283 340 4332 Iso
355 4275 397 4342 h.;
417 4274 453 4329 de
470 4276 549 4332 victu
568 4285 583 4330 2
600 4305 632 4324 =
650 4277 752 4333 v1sas
768 4277 811 4346 [ις
831 4278 866 4332 de
885 4279 950 4334 hub.
966 4278 1025 4333 dec.
1042 4283 1058 4330 9
1075 4303 1108 4324 ==
1126 4278 1212 4332 Vtut
1227 4275 1258 4330 L.
1273 4273 1367 4345 ἰητρὸς

186 4363 341 4438 φιλόσοφος
355 4364 487 4434 ἰσόθεος),
507 4366 589 4422 Plato
605 4369 693 4438 (leges
708 4374 760 4424 8⁶⁷
772 4367 845 4436 OD),
864 4366 987 4424 Galenus
1003 4367 1062 4438 (qui
1079 4366 1151 4422 libro
1167 4365 1204 4420 ud
1219 4363 1248 4418 id
1262 4365 1366 4434 scripto

185 4455 333 4512 ostendere
353 4459 469 4511 conatus
489 4459 532 4511 est
550 4455 593 4510 ὅτι
612 4457 724 4527 ἄριστος
744 4457 838 4526 ἰατρὸς
856 4456 906 4512 καὶ
925 4453 1101 4526 φιλόσοφος).

240 4556 398 4606 Waohtlsr,
413 4555 441 4594 ds
457 4555 595 4596 Alcmaeone
611 4558 750 4599 I'rotoniuta.
1135 4551 1151 4598 2
