3358 5132
765 349 985 414 ..3g„.

289 507 389 575 Vides
413 509 515 597 igitur
538 509 589 574 vel
613 508 716 593 ipsius
739 508 864 574 exordii
887 508 1027 574 formam
1051 508 1184 574 minime
1208 510 1316 574 favere
1342 508 1467 576 Sittelii

292 615 471 701 suspicioni
491 613 535 703 (p.
554 617 598 682 20
609 611 680 703 sq).
717 614 830 700 Neque
854 615 941 680 enim
964 616 999 680 in
1016 615 1168 682 falsarios
1195 616 1283 682 huno
1306 618 1467 702 prooemii

293 746 418 790 morem
441 727 476 788 in
498 722 606 808 quinti
629 722 751 788 saeculi
772 723 989 808 scriptoribus
1015 724 1191 789 solemnem
1211 745 1339 790 summo
1359 725 1467 790 studio

291 831 460 899 imitantes
494 828 644 918 (Lobeck
667 829 828 916 Aglaoph.
855 827 939 917 722)
972 830 1113 916 digitum
1145 831 1312 896 intendere
1345 831 1468 915 licebit,

290 938 479 1024 priusquam
502 937 537 1004 in
560 937 676 1003 ceteris
701 958 829 1022 quoque
850 936 1058 1004 Alcmaeonis
1081 938 1275 1024 fragmentis
1300 939 1398 1005 certis
1421 940 1468 1008 iu·

293 1045 386 1111 diciis
415 1067 529 1112 manus
558 1066 670 1110 eorum
703 1045 758 1109 ille
787 1044 1032 1129 monstraverit,
1048 1088 1050 1091 -
1065 1046 1151 1131 quod
1179 1067 1292 1113 vereor
1324 1069 1364 1116 ne
1396 1046 1469 1118 fieri

290 1175 357 1220 non
379 1153 507 1238 possit„

334 1327 336 1332 f
358 1333 359 1338 ,
780 1288 913 1357 Ἑῐαςω.
936 1287 981 1345 11.

381 1403 674 1487 Theophrastus
703 1402 746 1467 de
771 1425 885 1469 sensu
912 1407 932 1484 ξ
956 1402 999 1469 25
1023 1401 1314 1493 (nox.506,19):
1341 1415 1407 1470 τῶν
1432 1402 1470 1470 δὲ

293 1512 337 1594 μὴ
360 1519 406 1598 τῷ
430 1511 534 1600 ὁμοίῳ
562 1510 750 1575 ποιούντων
777 1511 838 1593 την
862 1516 1022 1596 αἴσθησιν
1042 1509 1226 1597 Ἀλκμαίων
1254 1509 1314 1597 μὲν
1337 1525 1469 1598 πρῶτον

293 1617 444 1702 ἀφορίζει
466 1619 529 1701 τὴν
550 1619 632 1702 πρὸς
655 1617 694 1681 τὰ
715 1620 779 1705 ζῷα
798 1618 974 1703 διαφοράν.
1011 1615 1193 1705 ἀνθρωπον
1216 1619 1279 1706 γάρ
1298 1638 1380 1705 φησι
1403 1630 1470 1686 τῶν

293 1725 405 1789 ἀλλων
438 1721 611 1807 διαφέρειν
645 1723 695 1788 ὅτι
727 1726 831 1809 μόνον
860 1723 1003 1808 ξυνίησι·
1035 1727 1074 1791 τά
1105 1721 1135 1790 d'
1162 1727 1246 1791 tilla
1274 1727 1470 1792 αἰσθάνεται

293 1829 370 1915 μέν,
394 1829 435 1895 οὐ
459 1829 590 1913 ξυνίησι
614 1827 662 1912 ds',
686 1830 730 1906 ὡς
754 1828 867 1915 ἕτερον
892 1829 931 1894 ὃν
950 1833 987 1896 τὸ
1006 1842 1146 1916 φρονεῖν
1168 1831 1224 1897 καὶ
1245 1833 1470 1898 αἰσθάνεσθαι

293 1934 349 2002 uod
381 1937 438 2030 qil,
471 1936 621 2020 καθάπερ
651 1935 884 2021 Ἐμπεδοκλῆς,
916 1937 1047 2003 ταύτόν.
1094 1940 1205 2004 ἔπειτα
1231 1937 1306 2026 περὶ
1335 1937 1471 2024 ἑκάστης

293 2043 332 2110 λε’
351 2069 389 2110 ει.
414 2083 456 2093 -

330 2069 350 2129 γ
418 2147 536 2223 μόνον]
555 2148 640 2220 μόνος
659 2167 727 2204 corr.
747 2152 812 2220 post
827 2149 965 2205 Zellernm
984 2149 1146 2206 Luranius
1165 2152 1356 2224 (quaestiones
1374 2151 1471 2222 Nigid.

327 2259 356 2310 p.
370 2246 405 2295 26
420 2238 510 2308 VIII),
530 2237 678 2294 Dialesius.
716 2238 771 2294 Sed
794 2236 882 2310 μόνον
907 2239 982 2309 quod
1007 2241 1099 2295 exstat
1121 2239 1151 2294 in
1170 2240 1214 2294 Pr
1234 2241 1357 2312 explicat
1377 2243 1406 2296 et
1424 2242 1473 2296 de·

330 2327 422 2400 tendit
440 2327 586 2384 Vahlenus
605 2328 641 2384 ad
660 2327 776 2384 Aristot,
795 2329 884 2399 ροοι.8
902 2345 966 2398 pag.
983 2331 1064 2385 108*.

382 2437 435 2504 Ad
454 2438 500 2516 ὡς
518 2437 650 2523 ἕτερον.
666 2489 672 2504 .
688 2489 694 2502 .
711 2438 853 2504 .ταίιτόν
872 2444 958 2504 recte
975 2438 1071 2506 Unna
1090 2443 1238 2505 annotat:
1259 2440 1355 2506 ‘haec
1374 2441 1473 2506 verba

295 2551 440 2616 extrema
464 2549 541 2614 sunt
558 2545 786 2630 Theophrasti,
809 2569 876 2612 non
898 2547 1114 2631 Alcmaeonis,
1140 2547 1196 2631 qui
1220 2551 1336 2612 contra
1356 2547 1474 2631 Empe·

295 2655 421 2722 doclem
445 2654 650 2719 contendisse
674 2676 740 2719 non
762 2655 895 2738 potest'.
940 2653 1031 2718 Idem
1059 2654 1268 2720 vehementer
1295 2659 1383 2719 errat
1405 2654 1472 2719 his:

295 2762 424 2827 ‘trustra
451 2783 518 2826 non
550 2761 591 2825 ad
617 2771 749 2845 πρῶτον
778 2761 932 2845 refertur,
965 2761 1020 2827 sed
1050 2763 1160 2827 ἔπειτα
1187 2762 1309 2846 operis,
1340 2774 1473 2848 πρῶτον

297 2868 416 2934 aetatis
455 2867 601 2932 ordinem
638 2867 774 2953 indicat3
816 2868 938 2953 alioqui
971 2869 1156 2954 ponendum
1189 2875 1259 2934 erat
1299 2865 1361 2953 μὲν
1397 2874 1474 2955 post

295 2986 427 3062 πρῶτον
435 2973 453 3040 ’.
499 2974 614 3059 Neque
643 2978 752 3040 tamen
778 2975 909 3041 difficile
934 2981 984 3042 est
1006 2977 1190 3060 intellectu,
1219 2999 1277 3042 cur
1304 2999 1382 3042 voce
1410 2976 1473 3061 μέν

295 3064 361 3148 non
389 3104 467 3148 usus
497 3083 540 3147 sit
563 3081 825 3167 Theophrastus,
852 3082 900 3148 ita
928 3086 966 3146 ut
993 3083 1073 3147 haec
1101 3083 1234 3148 omissio
1263 3083 1366 3148 levius
1396 3106 1473 3149 sans

297 3190 342 3256 sit
364 3194 533 3275 peccatum
558 3211 656 3274 quam
680 3189 809 3273 Unnae,
838 3189 893 3274 qui
923 3193 955 3254 et
978 3201 1107 3275 πρῶτος
1135 3195 1167 3254 et
1191 3189 1337 3276 ἀφώρισε
1366 3191 1474 3276 legen-

297 3298 373 3362 dum
398 3297 462 3362 sibi
485 3295 586 3362 fuisse
612 3319 679 3362 non
702 3296 938 3362 animadvertit.

386 3403 533 3486 Primum
556 3421 787 3487 Alcmaeonem
810 3422 972 3487 rationem
995 3425 1028 3487 et
1053 3444 1166 3488 sensus
1194 3423 1279 3487 inter
1304 3445 1337 3488 se
1361 3423 1474 3490 distin-

296 3530 381 3596 xisse
414 3528 647 3613 Philippsonus
681 3527 778 3616 (Ὓλη
811 3528 1009 3615 ἀνθρωπίνη
1042 3553 1072 3614 p.
1099 3525 1176 3615 186)
1208 3530 1296 3594 hcud
1329 3530 1395 3596 scio
1433 3554 1476 3596 an

297 3636 399 3701 nimia
419 3636 615 3703 confidentia
634 3637 844 3702 contenderit.
876 3635 963 3702 Nam
982 3635 1111 3701 etiamsi
1131 3658 1176 3719 ea,
1197 3657 1279 3719 quae
1298 3638 1336 3701 de
1350 3637 1475 3723 Pytha-

298 3765 380 3830 gora
403 3749 436 3808 et
459 3742 658 3827 Xenophane
688 3739 740 3829 (cf.
766 3742 925 3808 Zellernm
948 3739 983 3806 1⁵
1004 3745 1035 3828 1,
1054 3741 1134 3828 5483
1161 3742 1372 3808 Karstenium
1395 3746 1474 3829 phil.

298 3873 346 3938 gr.
370 3854 433 3916 vet.
461 3850 477 3914 Ι
503 3852 535 3936 1,
562 3847 641 3936 192)
669 3848 779 3914 sensui
807 3848 1030 3914 diffidentibus
1058 3850 1159 3914 tradit
1188 3847 1347 3916 Stobaeus
1372 3848 1474 3938 (Dox.

300 3955 386 4026 396¹l
404 3955 467 4045 12),
483 3957 687 4024 dubitatione
706 3979 772 4022 non
792 3965 911 4040 carent,
930 3961 1039 4022 tamen
1049 3956 1253 4022 Heraclitum
1269 3959 1476 4026 Alcmaeonis

299 4067 367 4132 fere
387 4065 555 4151 aequalem
579 4087 692 4131 sensus
717 4065 882 4130 aratione
900 4065 1112 4130 secernendos
1132 4086 1203 4130 esse
1221 4087 1287 4130 non
1305 4065 1476 4152 ignorasse

300 4172 482 4262 apparet1),
510 4174 558 4239 ita
585 4177 622 4237 ut
650 4176 724 4238 uter
752 4173 843 4258 prior
871 4172 1018 4238 docuerit
1047 4173 1265 4257 quaerendum
1290 4173 1342 4238 sit.
1389 4173 1476 4241 Utut

298 4320 512 4329 .-——·-———-—-

391 4407 416 4471 1)
436 4403 490 4472 frg.
514 4402 566 4471 Ill,
585 4401 633 4472 IV,
657 4402 721 4457 XIX
746 4403 882 4472 Bywater.
920 4401 1003 4457 Haud
1027 4418 1106 4459 secus
1130 4401 1309 4458 Parmenides
1333 4404 1370 4473 (v.
1391 4408 1424 4458 55
1435 4423 1476 4474 sq.

299 4493 436 4566 Karsten).
475 4489 515 4552 Of.
530 4488 667 4554 Zellernm
685 4493 697 4546 I
715 4493 751 4566 1⁶,
766 4497 825 4550 565.
