3358 5132
697 349 915 413 ..57-

307 508 530 576 Immortalem
561 531 631 576 esse
659 509 802 576 animam
833 509 909 576 inde
942 511 1070 597 colligit
1099 511 1270 598 Alcmaeo,
1300 512 1396 598 quod,

219 640 292 684 cum
315 639 476 703 nusquam
501 618 624 684 moveri
648 618 775 684 desinat
797 618 908 704 itaque
932 641 1061 684 summa
1083 618 1298 686 similitudine
1321 643 1395 687 cum

218 724 324 792 stellis
347 725 460 792 iuncta
483 725 536 810 sit,
560 725 672 791 eadem
695 725 763 791 fere
787 748 852 811 qua
873 726 987 792 stellae
1010 729 1130 794 natura
1148 717 1218 793 esse
1238 727 1396 814 rideatur,
1443 725 1448 735 ’

220 854 302 917 quas
334 835 371 897 ut
404 831 529 898 divinas
562 832 764 899 immortales
797 854 868 898 esse
907 855 1038 899 necesse
1071 834 1125 899 sit.
1173 831 1396 900 Concedamus

220 939 407 1026 analogiam
434 938 697 1006 audacissimam:
730 963 787 1006 cur
815 961 944 1025 semper
971 940 1095 1007 moveri
1124 940 1266 1034 animam
1293 941 1396 1008 dicit?

221 1045 307 1112 Nam
335 1045 473 1112 rationis
502 1046 687 1112 actionibus
715 1068 883 1131 nunquam
912 1083 953 1094 —-
983 1047 1011 1112 si
1039 1046 1135 1112 modo
1163 1070 1331 1133 nunquam
1355 1085 1396 1094 -

221 1152 516 1220 intermittentibus
534 1153 619 1219 hanc
637 1154 679 1218 ad
693 1153 880 1238 opinionem
894 1154 1070 1220 adductum
1085 1175 1156 1220 esse
1171 1152 1397 1221 Crotoniatum

221 1283 281 1327 suo
306 1260 375 1326 iure
403 1264 504 1347 negat
528 1259 741 1344 Gomperzius
765 1257 902 1347 (Gricclt.
925 1259 1051 1326 Denter
1073 1285 1103 1346 p.
1125 1261 1217 1348 122),
1244 1262 1398 1347 quoniam

220 1390 261 1433 ne
284 1389 403 1452 corpus
427 1366 558 1451 quidem
577 1366 677 1432 morti
696 1366 845 1433 debitum
863 1371 1022 1452 perpetua
1039 1368 1194 1452 pulsuum
1217 1369 1397 1454 agitatione

221 1477 337 1540 careat.
387 1472 508 1538 Verum
531 1472 637 1538 omnis
666 1474 752 1539 vitae
780 1474 906 1540 fontem
930 1474 1139 1561 omniumque
1163 1479 1312 1542 motuum
1335 1477 1398 1542 ori·

222 1581 332 1668 ginem
346 1579 488 1646 animam
503 1601 573 1646 esse
588 1580 731 1646 voluisse
751 1579 913 1666 putandus
928 1585 988 1667 est,
1004 1581 1054 1648 ita
1068 1586 1105 1648 ut
1119 1582 1153 1647 in
1167 1582 1253 1649 hunc
1269 1605 1397 1669 quoqne

223 1689 382 1774 quadrent
405 1708 487 1771 quae
511 1689 550 1752 de
569 1710 619 1752 an.
637 1688 653 1752 Ι
673 1689 703 1772 2,
721 1689 814 1754 4031)
830 1689 872 1754 28
891 1688 1016 1773 profert
1031 1688 1239 1756 Aristoteles:
1264 1688 1315 1778 (ol
1331 1701 1398 1758 τῶν

222 1792 489 1882 προγενεστέρου
515 1795 577 1878 τὴν
602 1797 713 1880 ψυχὴν
738 1795 920 1880 φάσκοντες
943 1793 999 1862 καὶ
1022 1796 1163 1880 μάλιστα
1187 1796 1242 1864 καὶ
1262 1799 1399 1884 πρώτας

225 1898 309 1968 είναι
327 1902 364 1966 τὸ
380 1899 512 1986 κινοῦν)
531 1899 703 1986 οἰηθέντες
720 1903 816 1987 τὸμὴ
831 1903 1030 1986 κινούμενον
1049 1903 1130 1969 αὐτὸ
1144 1906 1189 1988 μὴ
1204 1903 1400 1989 ἐνδέχεσθαι

223 2019 330 2076 κινείυ
353 2007 478 2094 ἕτερον,
500 2018 568 2074 τῶν
585 2007 794 2093 κινουμένων
813 2031 844 2074 τι
862 2011 923 2094 τὴν
941 2011 1052 2095 ψυχὴν
1071 2007 1247 2096 ὑπέλαβον.
1282 2011 1398 2095 Itaque

223 2117 331 2182 anima
358 2138 439 2200 quae
468 2138 586 2202 corpus
615 2121 724 2182 movet
754 2117 826 2200 ipsa
856 2116 1071 2201 αὐτοκίνητος
1098 2121 1162 2201 est,
1194 2116 1313 2201 quippe
1346 2116 1398 2181 cui

224 2223 373 2289 movendi
395 2223 535 2288 facultas
558 2223 672 2287 innata
696 2223 789 2307 quasi
812 2223 864 2288 sit

312 2345 411 2414 Cuius
426 2348 595 2414 doctrinae
609 2348 751 2433 vestigia
764 2348 889 2413 latere
880 2371 916 2414 1n
928 2347 1070 2414 Phaedri
1083 2347 1247 2414 Platonici
1263 2371 1292 2433 p.
1299 2345 1399 2412 2450

224 2478 298 2522 cum
315 2455 381 2520 iam
401 2453 607 2540 Simplicium
614 2452 639 2541 l)
658 2477 725 2519 non
743 2454 876 2540 fugerit,
851 2454 1072 2520 tKrisoheus
1091 2451 1325 2542 (Forsctrmqea
1343 2475 1400 2520 ταν

220 2563 331 2650 ρτίατίι.
349 2561 467 2629 Pdiloa.
491 2559 603 2648 176),
626 2525 789 2626 Hirzelius
813 2558 849 2648 (l
867 2559 914 2649 l.‚)
938 2560 1155 2628 Susamihlius
1180 2559 1302 2648 (θεαταί.
1320 2562 1401 2626 mu

223 2671 419 2754 ιαίτίιίιικρᾱ.
435 2669 520 2734 Plat.
534 2668 653 2734 Philas.
667 2668 684 2733 I
703 2665 793 2755 229),
811 2667 955 2734 Zellerus
973 2664 1110 2755 (1⁵489,
1125 2666 1161 2755 2)
1181 2669 1399 2735 consentiunt.

224 2778 335 2844 Verba
361 2780 438 2841 sunt
464 2775 557 2841 haec:
591 2776 687 2860 Ψυχὴ
715 2783 803 2840 πᾶσα
831 2773 1008 2852 ἀθάνατος.
1053 2777 1091 2841 τὸ
1119 2776 1182 2861 γὰρ
1211 2773 1400 2860 ἀεικίνητον

224 2883 407 2950 ἀθάνατον·
426 2885 463 2949 τὸ
483 2880 513 2947 d’
532 2883 614 2948 aero
632 2890 752 2947 κινοῦν
770 2879 825 2946 καὶ
838 2878 895 2946 ὑπ’
913 2883 1017 2947 ἄλλον
1035 2883 1249 2967 κινούμενον,
1266 2887 1400 2948 παῦλαν

225 2995 301 3077 ἕχον
323 2993 498 3074 κινήσεως,
526 2994 657 3055 παῦλαν
685 2991 751 3072 ἔχει
775 2991 866 3076 ζῳῆς.
911 2991 1017 3074 μόνον
1040 2991 1081 3073 δὴ
1104 2992 1142 3055 τὸ
1166 2988 1247 3056 αὑτὸ
1270 2997 1401 3072 κινοῦν,

225 3099 280 3163 ἅτε
303 3098 365 3164 οῦκ
387 3096 569 3162 ἀπολεῖπον
593 3092 705 3178 ἑαυτό,
732 3095 853 3160 οὔποτε
877 3097 970 3178 λήγει
993 3097 1207 3180 κινούμενον,
1234 3094 1319 3161 ἀλλὰ
1345 3093 1401 3160 καὶ

226 3217 293 3283 τοῖς
315 3206 428 3282 ἄλλοις
451 3204 513 3268 ὅσα
535 3212 691 3284 κινεῖται,
718 3210 816 3267 τοῦτο
843 3203 932 3286 πηγὴ
959 3199 1014 3267 καὶ
1043 3201 1127 3288 ἀρχὴ
1153 3210 1211 3286 τῆς
1231 3204 1401 3285 κινήσεως.

227 3310 289 3377 Sed
304 3310 497 3376 Crotoniata
510 3310 624 3374 rudem
638 3308 673 3372 in
687 3309 819 3374 modum
833 3331 892 3394 per
906 3308 1092 3395 analogiam
1107 3307 1249 3394 colligit:
1269 3307 1401 3374 ‘Anima
1424 3302 1432 3316 “

226 3419 329 3484 stellis
349 3421 505 3502 perpetuo
524 3415 623 3482 motis
643 3415 759 3480 similis
779 3419 830 3480 est
849 3419 941 3482 motu
960 3419 1118 3499 perpetuo
1126 3411 1166 3502 ²):
1185 3435 1264 3501 orgo
1284 3413 1401 3480 ceteris

227 3546 354 3610 quoque
383 3524 613 3609 qualitatibus:
646 3543 725 3607 ergo
753 3520 852 3587 etiam
881 3521 1146 3587 immortalitate’
1175 3522 1309 3588 notione
1340 3529 1401 3586 τοῦ

226 3630 456 3714 αὐτοκινήτου,
479 3631 507 3696 si
530 3630 610 3694 fides
634 3631 686 3694 est
705 3627 890 3712 Aristoteli,
912 3627 1008 3712 plano
1033 3629 1198 3715 neglecta;
1220 3626 1317 3693 Plato
1340 3626 1402 3690 hac

227 3738 298 3824 ipsa
319 3738 452 3803 notione
474 3737 571 3802 nixus
594 3757 653 3821 per
676 3735 888 3822 syllogismos
911 3734 1092 3802 concludit:

317 4023 342 4090 1)
363 4022 417 4087 Qui
434 4021 531 4093 paullo
549 4021 615 4091 post
632 4036 666 4075 ea
684 4035 756 4090 quaa
770 4035 854 4090 supra
868 4017 953 4074 attuli
971 4019 1059 4074 verba
1078 4017 1149 4076 οῦτοι
1169 4013 1215 4084 δή,
1235 4014 1334 4086 inquit,
1354 4011 1403 4068 aod

226 4105 257 4166 iv
271 4111 309 4185 τῷ
325 4112 438 4184 Φαίδρῳ
457 4109 494 4175 ὡς
507 4111 667 4180 ἀεικίνητος
680 4108 730 4163 διὰ
745 4107 777 4163 τὸ
797 4105 873 4164 εἶναι
887 4109 1070 4177 αὐτοκίνητος
1084 4109 1230 4164 δείκνυται
1248 4101 1403 4168 ἀθάνατος.

227 4231 260 4240 -
287 4197 422 4256 Similiter
446 4200 533 4270 Legg.
551 4198 576 4254 X
594 4204 646 4254 896
662 4201 686 4254 Α
701 4216 760 4268 sqq.
780 4197 881 4252 ceteris
905 4195 987 4252 rebus
1010 4196 1140 4252 omnibus
1164 4194 1287 4250 animam
1311 4195 1404 4248 aetate

225 4288 392 4344 antecedere
409 4287 491 4344 Plato
510 4287 619 4358 probat

314 4397 342 4462 2)
360 4394 433 4452 Nam
457 4393 621 4452 Aristotelis
644 4394 674 4450 in
696 4391 790 4450 verbis
813 4400 896 4448 τοῦτο
920 4389 948 4448 δ’
969 4390 1107 4462 ὑπάρχειν
1130 4390 1202 4460 αὐτῇ
1226 4392 1283 4446 κτλ.
1307 4404 1404 4446 rocam

226 4491 308 4541 τοῦτο
327 4482 496 4554 interpretor
513 4483 545 4540 τὸ
564 4477 689 4539 ἐοικέναι
706 4487 765 4546 τοῖς
783 4480 951 4548 ἀθανάτοις,
970 4496 1024 4536 non
1038 4479 1071 4536 τὸ
1086 4478 1236 4536 ἀθάνατον
1255 4475 1337 4536 εἶναι.
