3358 5132
705 426 926 490 ..99-

229 587 432 652 harmoniam
450 587 502 652 vel
521 587 789 652 disharmoniam:
812 588 849 651 τὸ
873 597 966 670 σῶμα
988 593 1049 651 τοῦ
1072 583 1257 670 ἀνθρώπου
1280 589 1346 671 ἔχει
1370 587 1406 652 ἐν

230 692 340 782 ἑωυτῷ
372 685 453 779 αἷμα
485 692 541 760 καὶ
568 691 698 779 φλέγμα
727 691 782 758 καὶ
811 693 913 778 χολὴν
942 691 1071 776 ξανθήν
1099 716 1135 756 τε
1163 690 1218 758 καί
1246 690 1406 778 μέλαιναν

228 798 281 866 καὶ
304 798 395 867 ταῦτ’
419 799 511 868 ἐστὶν
535 800 624 888 αὐτῷ
647 799 667 883 ἡ
690 801 874 884 φύσιςτοῦ
898 799 1048 884 σώματος
1069 796 1124 863 καὶ
1144 797 1190 863 δι’
1211 799 1294 865 αὐτὰ
1313 799 1409 883 ἀλγεῖ

229 905 284 973 παλ
302 908 455 991 ὑγιαίνει.
487 907 630 991 ὑγιαίνει
648 903 709 992 μὲν
723 902 785 972 οὖν
800 907 951 990 μάλιστα,
971 905 1051 972 ὅταν
1069 909 1209 991 μετρίως
1228 909 1284 993 ἔχῃ
1303 916 1406 974 ταῦτα

227 1017 309 1100 πρὸς
336 1015 463 1099 ἄλληλα
491 1014 652 1097 δυνάμιος
678 1012 734 1080 καὶ
761 1022 822 1078 τοῦ
849 1016 996 1097 πλήθεος
1022 1009 1077 1077 καὶ
1103 1013 1246 1096 μάλιστα
1274 1037 1404 1098 μεμειγ-

225 1120 308 1207 μένα
335 1115 370 1208 ᾖ·
398 1120 494 1204 ἀλγεῖ
514 1117 544 1186 d’
568 1121 648 1186 ὅταν
675 1121 804 1186 νούσων
831 1143 862 1184 ιι
890 1121 1032 1185 ἔλασσον
1060 1119 1080 1203 ἢ
1109 1124 1225 1186 πλεῖον
1253 1127 1404 1206 χωρισθῇ

227 1227 264 1293 ἐν
285 1238 331 1317 τῷ
350 1229 477 1313 σώματι
499 1226 555 1293 καὶ
577 1229 621 1312 μὴ
640 1224 845 1312 πεπρημένον
868 1251 890 1312 η
908 1237 994 1292 τοῖσι
1013 1234 1094 1292 πᾶσι
1118 1223 1172 1313 (de
1191 1230 1257 1292 nat.
1276 1227 1363 1293 hom.
1383 1229 1405 1292 4

226 1333 550 1423 =V138,19L.).
595 1333 681 1419 Ipsis
705 1335 809 1420 igitur
834 1333 921 1400 sucis
950 1333 996 1398 nil
1020 1333 1127 1399 inesse
1150 1333 1280 1398 videtur
1304 1332 1403 1399 noxii.

225 1441 339 1527 Itaque
365 1464 433 1508 nou
459 1442 580 1507 mirum
614 1442 700 1526 quod
727 1463 795 1506 non
822 1441 929 1506 solum
957 1437 1162 1524 γινομένοισι
1190 1442 1403 1523 συγγίγνεται

223 1545 278 1613 καί
310 1551 361 1614 ἔνι
392 1547 443 1614 ἀεὶ
476 1547 513 1613 έν
543 1555 588 1635 νῷ
617 1549 742 1631 σώματι
775 1546 877 1614 πλέον
908 1546 929 1630 ἢ
957 1549 1098 1613 ἔλασσον
1132 1545 1185 1633 (de
1213 1546 1402 1611 morb.12

224 1652 558 1742 =V1142,15)¹)‚
587 1656 642 1720 sed
667 1655 767 1720 etiam
790 1655 824 1720 iu
848 1654 970 1719 semine
993 1652 1060 1718 iam
1082 1653 1197 1718 insunt
1220 1649 1274 1740 (de
1298 1654 1402 1718 morb.

224 1761 272 1827 IV
290 1760 333 1826 32
353 1793 395 1816 =
414 1759 691 1846 V11542,9L.).
731 1762 833 1828 Vides
856 1761 916 1828 hos
941 1761 1083 1826 medicos
1108 1783 1182 1826 oum
1204 1757 1402 1826 Alcmaeone

223 1869 406 1934 consentire
438 1870 477 1934 de
509 1870 684 1934 humorum
717 1869 876 1953 qualitate
908 1868 1056 1953 innoxia,
1089 1867 1262 1933 dissentire
1297 1871 1330 1932 et
1362 1869 1401 1933 de

224 1975 350 2059 origiue
373 1980 407 2040 et
429 1980 549 2040 natura
572 1979 607 2039 et
629 1996 773 2040 numero.

311 2082 414 2147 Porro
433 2081 565 2167 lougius
584 2081 625 2146 ab
646 2081 758 2146 eodem
782 2080 908 2146 distant
926 2080 956 2144 ei
980 2081 1037 2164 qui
1056 2103 1073 2145 e
1093 2081 1242 2146 ciborum
1261 2082 1400 2147 residuis

222 2189 464 2254 abundantibus
483 2187 536 2275 (τὰ
555 2185 803 2275 περισσώματα)
817 2188 950 2252 morbos
970 2187 1049 2252 oriri
1069 2187 1193 2271 volunt,
1212 2187 1279 2252 sive
1299 2211 1400 2252 unum

221 2297 288 2362 sive
311 2297 422 2380 plures
449 2296 602 2361 humores
629 2299 785 2362 nocentes
813 2295 923 2360 exeis
953 2295 1044 2360 nasci
1073 2293 1257 2377 opinantur.
1304 2293 1401 2361 Patet

220 2403 307 2468 enim
326 2403 485 2468 eiusmodi
502 2404 656 2469 humores
674 2425 742 2469 nou
760 2403 800 2468 ab
816 2390 912 2467 inicio
927 2401 1057 2486 corpori
1076 2399 1191 2486 inesse,
1210 2402 1267 2466 sed
1280 2405 1396 2487 postea

221 2509 315 2596 gigni
338 2531 458 2594 eosque
486 2511 574 2595 παρὰ
600 2510 714 2594 φύσιν.
759 2507 865 2586 Quem
893 2509 1090 2574 senteutiam
1118 2530 1192 2572 oum
1221 2509 1399 2576 multorum

220 2617 418 2684 medicorum
450 2616 552 2682 fuisse
585 2618 700 2682 doceat
732 2620 848 2682 auctor
875 2614 1070 2700 Meconem,
1107 2614 1190 2679 satis
1221 2613 1326 2680 habeo
1358 2616 1399 2679 ad

220 2724 375 2790 Herodici
393 2721 500 2787 Ouidii
519 2721 594 2811 (ool.
608 2722 656 2788 IV
671 2720 729 2810 40)
748 2723 906 2807 plebitum
925 2726 958 2786 te
977 2722 1135 2807 delegare,
1155 2721 1208 2786 cui
1227 2720 1396 2786 simillima

220 2834 272 2895 est
285 2830 451 2896 Timothei
466 2829 686 2914 Metapontini
704 2829 815 2914 opinio
834 2828 978 2915 (Menon.
998 2828 1057 2893 ool.
1074 2826 1156 2892 VIII
1172 2826 1238 2913 10),
1257 2849 1397 2912 quacum

220 2938 348 3003 confert
370 2936 535 3002 Dielesius
558 2940 724 3001 auctorem
747 2938 785 3001 de
810 2936 870 3001 loo.
893 2937 929 3000 in
950 2936 1037 3001 hom
1059 2934 1076 2999 1
1102 2933 1164 3019 (VI
1182 2936 1257 3019 276,
1275 2934 1314 2998 12
1332 2931 1393 3020 λε).

308 3061 482 3124 Praeterea
504 3080 570 3124 non
588 3059 705 3123 desunt
728 3060 783 3143 qui
807 3058 1078 3144 philosophorum
1101 3059 1139 3123 de
1159 3080 1224 3123 uuo
1244 3059 1391 3142 corporis

219 3167 380 3232 elemento
412 3165 553 3250 ineptias
586 3162 722 3249 secuffl)
754 3187 856 3230 unum
887 3165 921 3228 in
954 3186 1088 3248 corpore
1122 3165 1291 3230 humorem
1321 3186 1392 3229 esse

310 3398 336 3466 1)
347 3391 428 3465 Ἔχει
441 3392 493 3464 μὲν
508 3391 559 3450 clv
573 3391 668 3449 πάντα
683 3392 753 3463 (scil.
769 3390 887 3462 φλέγμα,
906 3391 991 3463 χολὴν
1006 3391 1127 3460 ξανθήν,
1146 3392 1231 3462 χολὴν
1246 3391 1392 3463 μέλαιναν,

218 3482 299 3555 αἷμα)
317 3484 362 3540 ἀεὶ
381 3483 412 3538 τὸ
431 3491 510 3553 σῶμα
529 3491 578 3537 τοῦ
598 3481 754 3552 ἀνθρώπων
773 3482 818 3551 (de
837 3483 895 3536 not.
910 3481 985 3536 hom.
1005 3499 1028 3536 ο.
1044 3487 1059 3536 7
1075 3480 1161 3536 =v1
1177 3482 1276 3551 cela).

307 3577 334 3644 2)
352 3573 394 3628 De
408 3575 467 3628 net.
482 3572 557 3628 hom.
574 3579 588 3626 1
604 3570 652 3641 (Vl
667 3577 711 3640 32,
727 3577 741 3624 1
757 3571 812 3640 L.):
832 3569 906 3633 ὅστις
920 3567 972 3641 μέν
987 3567 1038 3626 οὖν
1053 3571 1156 3626 εἴωθεν
1170 3570 1287 3626 ἀκούειν
1302 3568 1396 3640 λεγόν-

218 3684 274 3719 των
293 3662 367 3733 ἀμφὶ
384 3669 434 3732 τῆς
453 3660 555 3730 φύσιος
572 3667 621 3730 τῆς
639 3661 821 3730 ἀνθρωπείης
838 3656 1004 3730 προσωτέρω
1026 3656 1043 3725 ἢ
1063 3659 1129 3714 ὅσον
1152 3659 1238 3730 αὐτῆς
1262 3658 1290 3721 ἐς
1309 3656 1396 3729 lorpe-

218 3752 272 3822 κήν
290 3751 405 3823 ἀφήκει,
423 3753 512 3823 τούτῳ
531 3747 583 3820 μέν
602 3750 653 3804 οὐκ
673 3745 831 3816 ἐπιτήδειος
850 3747 898 3803 ὅδε
918 3747 933 3803 ὁ
952 3745 1032 3818 λόγος
1050 3747 1174 3803 ἀκούειν.
1208 3746 1272 3802 obre
1291 3745 1345 3818 γὰρ
1365 3746 1396 3800 τὸ

217 3841 337 3912 πάμπαν
354 3839 426 3911 ἠέρα
444 3837 514 3910 λέγω
534 3839 689 3909 ἄνθρωπον
713 3835 788 3893 εἶναι
811 3837 875 3892 obre
899 3846 955 3908 πῦρ
979 3837 1042 3892 obss
1067 3835 1143 3904 ὕδωρ
1167 3836 1230 3892 obss
1254 3845 1307 3908 γῆν
1332 3836 1396 3890 olleo

218 3932 284 3987 ἄλλο
299 3929 384 3986 οὐδέν
399 3929 414 3984 ὅ
427 3950 456 3985 τι
469 3929 505 4000 μὴ
521 3928 647 3998 φανερόν
662 3923 737 3982 έστιν
753 3923 833 3983 ένεὸν
848 3922 879 3981 έν
893 3927 931 4000 τῷ
946 3925 1103 4000 ἀνθρώπῳ·
1123 3924 1194 3980 ἀλλὰ
1212 3933 1283 3982 τοῖσι
1298 3927 1395 3999 βουλο-

218 4019 326 4092 μένοισι
343 4028 432 4075 ταῦτα
455 4016 546 4087 λέγειν
564 4018 693 4088 παρίημι.
731 4016 837 4083 Quibus
857 4017 1038 4086 opponuntur
1060 4013 1091 4070 ol
1107 4013 1201 4086 ἰητροί
1221 4019 1256 4085 (c.
1275 4021 1291 4069 2
1311 4014 1392 4084 init).

218 4111 276 4166 Hos
294 4110 368 4166 inter
386 4106 511 4165 medicos
530 4107 613 4162 nimis
632 4105 829 4178 philosophiae
847 4105 959 4160 deditos
978 4104 1146 4160 numerandi
1164 4107 1229 4160 suut
1246 4102 1393 4158 Philolaus

219 4200 248 4255 et
261 4197 364 4272 Hippo,
383 4214 454 4268 quos
472 4211 554 4252 veros
572 4195 696 4252 medicos
713 4211 770 4251 uon
789 4195 875 4250 fuisse
894 4195 924 4249 et
936 4193 1060 4250 Philolai
1081 4196 1115 4249 de
1130 4192 1235 4264 pituita
1253 4195 1282 4247 et
1301 4192 1395 4246 colere

218 4289 373 4344 scotomiae
397 4289 427 4344 ot
449 4285 579 4341 Menouci
603 4285 745 4354 scriptoris
770 4300 843 4353 quae
867 4282 1006 4354 Hipponis
1031 4283 1123 4338 verbis
1147 4281 1288 4335 adduntur
1312 4295 1395 4334 voces

219 4375 268 4430 aod
285 4376 316 4430 sb
336 4377 427 4432 αίνιον
446 4373 534 4439 οὕτως
551 4378 707 4444 νοσολογεῖ,
728 4372 779 4436 τὰς
796 4369 829 4428 δέ
847 4371 948 4437 νύσονς
966 4371 1016 4436 τὰς
1033 4369 1201 4443 γιγνομένας
1219 4371 1270 4440 ούχ
1288 4371 1395 4440 ἀπαγο-

219 4464 295 4534 ρεύει
313 4465 467 4522 clarissime
487 4463 646 4520 ostendunt
684 4461 727 4518 Ne
746 4461 910 4531 sequidem
934 4477 1006 4530 quae
1026 4460 1198 4516 Heraclitum
1223 4461 1336 4514 secutus
1358 4458 1393 4512 de

218 4554 480 4626 πολομαθημοαύνῃ
499 4551 572 4608 dixit
590 4552 683 4624 Hippo
703 4553 817 4622 (Δίωνα.
833 4555 885 4607 610
899 4549 933 4620 H)
952 4549 1090 4606 medicum
1109 4548 1237 4604 redolere
1255 4547 1392 4604 videntur.

1142 4636 1179 4693 ρ*
