3358 5132
774 380 995 448 ..94..

299 539 336 609 δέ
354 551 452 610 τοῦτο
470 549 530 609 τοῦ
550 539 647 631 ζῴου·
669 542 724 609 καὶ
744 544 761 610 ὁ
780 547 880 621 τόπος
899 542 946 626 δέ,
966 547 1013 622 είς
1031 543 1071 610 ὃν
1089 543 1109 629 ἡ
1128 547 1293 629 καταβολή
1315 581 1349 591 ——
1368 545 1477 630 μήτρα

300 647 337 715 δὲ
360 651 443 735 αύτιχ
466 688 516 733 -,
539 648 629 715 ἐστὶν
652 651 840 735 θερμοτέρα
863 648 917 716 καὶ
941 650 1068 720 ἐοικυῖα
1091 651 1219 740 έκείνφ·
1247 653 1284 717 τὸ
1314 647 1346 717 d'
1369 651 1478 729 ἐοικός

298 781 365 822 τινι
383 757 461 822 τάτὸ
481 759 619 822 δύναται
643 751 668 844 ᾧ
688 760 805 823 έοικεν.
849 755 918 823 ἐπεὶ
938 755 974 823 δὲ
995 761 1033 824 τὸ
1052 760 1293 838 κατασκευάζον
1312 758 1476 843 ἆμέτοχόν

301 863 369 929 ἐστι
393 872 523 949 ψυχροῦ
546 862 600 928 καὶ
620 864 637 930 ὁ
656 867 756 940 τόπος
780 863 828 946 δέ,
852 863 889 928 έν
912 858 938 952 ᾧ
963 865 983 948 ἡ
1007 866 1185 949 καταβολή,
1208 866 1365 952 ἀμέτοχός
1383 865 1476 931 ἐστιν

301 981 446 1056 ψυχροῦ,
480 972 582 1054 δῆλον
615 969 666 1034 ὅτι
697 968 752 1034 καὶ
783 972 820 1035 τὸ
849 975 1173 1055 κατασκευαζόμενον
1206 976 1290 1059 ζῷον
1320 980 1476 1037 τοιοῦτον

300 1081 455 1160 γίγνεται.
494 1079 540 1153 είς
561 1072 597 1141 dl
617 1078 816 1160 τούτουτὴν
835 1080 1040 1161 κατασκευὴν
1063 1079 1248 1163 ὑπομνήσει
1270 1089 1476 1165 προσχρῆται

298 1185 445 1268 τοιαύτῃ·
474 1184 553 1267 μετὰ
581 1183 643 1268 γὰρ
671 1185 732 1266 τὴν
756 1182 880 1261 έκτεξιν
907 1183 1035 1261 εὐθέως
1061 1187 1098 1250 τὸ
1123 1188 1206 1272 ζῷον
1235 1184 1408 1250 ἐπισπᾶται
1436 1185 1476 1248 τὸ

299 1290 391 1366 ἐκτὸς
413 1300 542 1374 πνεῦμα
565 1292 695 1374 ψυχρὸν
720 1293 772 1355 dv·
797 1287 866 1355 εἶτα
883 1292 985 1356 πάλιν
1003 1290 1184 1374 καθαπερεὶ
1205 1290 1300 1376 χρέος
1319 1287 1475 1374 ἐκπέμπει

299 1397 389 1461 αὐτό.
435 1399 490 1461 διὰ
517 1406 614 1462 τοῦτο
643 1397 684 1480 δὴ
713 1395 767 1462 καί
796 1398 902 1482 ὄρεξις
929 1407 990 1462 τοῦ
1013 1398 1105 1474 ἐκτὸς
1126 1400 1326 1483 πνεύματος,
1353 1398 1409 1462 ίνα
1435 1407 1476 1482 τῇ

299 1502 477 1592 ἐπεισάκτῳ
501 1513 561 1568 τοῦ
582 1505 767 1588 πνεύματος
797 1504 876 1589 ὁλκῇ
904 1507 1090 1589 θερμότερα
1118 1505 1307 1590 ὑπάρχοντα
1336 1504 1374 1567 τὰ
1397 1503 1476 1588 ἡμέ-

297 1635 375 1695 τερα
399 1612 531 1694 σώματα
554 1611 636 1694 πρὸς
659 1610 763 1675 αὐτοῦ
786 1612 1020 1695 καταψύχηται.
1066 1611 1121 1675 καλ
1144 1612 1205 1694 τὴν
1228 1607 1290 1696 μέν
1313 1611 1476 1676 σύστασιν

297 1729 364 1782 τῶν
388 1714 555 1801 ἡμετέρων
583 1717 743 1801 σωμάτων
771 1716 807 1781 έν
835 1718 965 1794 τούτοις
992 1721 1108 1802 φησίν·
1138 1716 1226 1801 λέγει
1254 1715 1291 1783 dl
1319 1722 1476 1801 γίνεσθαι

301 1825 359 1900 τὰς
381 1826 504 1900 νόσους
527 1824 582 1887 dcci
605 1846 638 1888 τε
662 1824 766 1907 χολὴν
789 1821 844 1888 καὶ
868 1815 947 1908 αἷμα
970 1823 1025 1888 καὶ
1043 1824 1184 1909 φλέγμα,
1207 1824 1312 1910 ἀρχὴν
1332 1819 1369 1888 δὲ
1388 1826 1476 1905 γίνε-

300 1937 381 1995 σθαι
408 1941 475 1995 τῶν
503 1933 614 1994 νόσων
637 1918 756 2002 ταῦτα·
790 1929 1023 1996 ἀποτελεῖσθαι
1053 1928 1092 1995 δέ
1116 1948 1198 2015 φησι
1231 1931 1267 1996 τὸ
1300 1927 1362 2014 μὲν
1393 1921 1475 2014 αἷμα

299 2040 387 2121 παχὺ
410 2033 471 2121 μὲν
490 2039 553 2102 έσω
577 2035 869 2121 παραθλιβομένης
891 2047 949 2121 τῆς
968 2041 1098 2122 σαρκός,
1122 2039 1242 2103 λεπτὸν
1263 2034 1301 2102 dl
1319 2040 1477 2118 γίνεσθαι

298 2141 543 2228 διαιρουμένων
565 2154 632 2208 τῶν
657 2143 692 2208 έν
716 2153 754 2228 τῇ
779 2141 875 2227 σαρκί
899 2142 1051 2227 ἀγγείων.
1096 2146 1133 2209 τὸ
1162 2141 1199 2209 dl
1226 2141 1357 2228 φλέγμα
1380 2147 1475 2208 συνί-

300 2257 443 2315 στασθαι
472 2249 535 2316 ἀπὸ
563 2251 792 2334 τῶνύμβρων
820 2253 912 2334 φησί.
958 2247 1045 2332 λέγει
1079 2247 1115 2315 dl
1146 2251 1208 2334 τὴν
1235 2250 1338 2335 χολὴν
1371 2252 1475 2334 ίχῶρα

298 2353 384 2421 εἶναι
407 2367 465 2441 τῆς
488 2360 618 2441 σαρκός.
654 2356 843 2441 παράδοξον
867 2353 904 2421 δὲ
922 2356 1021 2433 αὑτὸς
1044 2356 1128 2442 ἀνὴρ
1153 2355 1206 2422 ἐπὶ
1224 2358 1344 2422 τούτου
1363 2367 1476 2421 κεινεῑ.

298 2461 386 2546 λέγει
415 2465 477 2549 γὰρ
505 2459 587 2548 μηδὲ
616 2464 772 2549 τετύχθαι
801 2461 854 2528 έπὶ
881 2473 926 2550 τῷ
955 2464 1053 2546 ἥπατι
1081 2466 1200 2549 χολήν,
1231 2465 1333 2548 ίχῶρα
1361 2461 1476 2546 μέντοι

298 2579 354 2653 τῆς
382 2573 502 2655 σαρκὸς
530 2566 616 2635 εἶναι
643 2571 705 2654 τὴν
733 2571 849 2655 χολήν·
876 2572 914 2634 τὸ
942 2567 968 2635 τ’
998 2565 1041 2635 αὖ
1068 2569 1198 2655 φλέγμα
1221 2580 1287 2634 τῶν
1310 2572 1475 2634 πλείστων

296 2680 426 2762 ψυχρὸν
458 2673 544 2743 εἶναι
578 2679 744 2760 λεγόντων
776 2676 876 2753 αὐτὸς
906 2679 1036 2761 θερμὸν
1067 2687 1105 2761 τῇ
1132 2677 1233 2761 φύσει
1265 2676 1476 2741 ὑποτίθεται·

299 2784 363 2849 ἀπὸ
387 2784 450 2870 γὰρ
473 2795 534 2849 τοῦ
556 2782 692 2868 φλέγειν
715 2782 845 2868 φλέγμα
870 2785 1037 2867 εἰρῆσθαι·
1060 2784 1162 2868 ταύτῃ
1183 2782 1220 2847 δὲ
1243 2781 1297 2848 καὶ
1316 2783 1355 2847 τὰ
1373 2787 1476 2866 φλεγ-

296 2895 457 2975 μαίνοντα
476 2900 595 2975 μετοχῇ
614 2900 673 2955 τοῦ
688 2887 873 2973 φλέγματος
886 2893 1089 2975 φλεγμαίνει.
1126 2888 1181 2954 καὶ
1199 2901 1301 2955 ταῦτα
1316 2890 1357 2973 δὴ
1372 2888 1476 2974 ἀρχὰς

297 3009 364 3062 τῶν
387 3000 499 3063 νόσων
526 2997 736 3079 ὑποτίθεται,
765 2997 908 3081 συνεργοὶ
937 2993 974 3062 δέ
1001 2997 1189 3081 ὑπερβολάς
1215 3020 1250 3062 τε
1278 2999 1475 3081 θερμασίας,

297 3113 434 3189 τροφῆς,
456 3103 666 3182 κατανύξεως
688 3101 709 3186 ἢ
734 3103 863 3181 ἐνδείας
885 3115 953 3168 τῶν
975 3105 1104 3181 τούτοις
1126 3106 1372 3188 παραπλησίων.

386 3211 547 3276 Heracliti
580 3211 776 3276 auctoritate
805 3211 927 3275 facturn
958 3232 1028 3274 esse
1060 3214 1207 3294 apparel,
1239 3215 1277 3274 ut
1303 3209 1474 3274 Philolaus

295 3318 513 3383 numerandus
547 3319 590 3382 sit
622 3318 708 3382 inter
738 3319 816 3393 τοὺς
847 3317 1012 3382 ὑπόθεσιν
1044 3317 1165 3393 αὐτοὺς
1201 3316 1314 3392 αὐτοῖς
1349 3316 1475 3381 ὑποθε-

296 3423 418 3506 μένους
444 3433 489 3510 τῷ
519 3427 607 3509 λόγῳ
637 3425 766 3508 θερμὸν
793 3423 814 3508 ἢ
842 3425 971 3508 ψυχρὸν
999 3422 1019 3506 ἢ
1048 3423 1149 3508 ξηρὸν
1176 3422 1196 3506 ἢ
1220 3423 1325 3507 ὑγρὸν
1353 3421 1373 3506 ἣ
1397 3417 1471 3487 ἄλλ’

297 3531 314 3593 ὅ
335 3555 366 3594 τι
385 3529 427 3594 ἂν
447 3529 601 3612 έθέλωσι,
625 3552 706 3615 quos
722 3531 993 3596 Alcmaeonianae
1013 3530 1179 3595 doctrinae
1199 3530 1332 3594 asseclis
1351 3529 1475 3613 opponi

297 3638 337 3702 ab
363 3640 493 3702 auctore
518 3638 557 3702 de
576 3637 684 3722 prisca
703 3638 862 3702 medicina
884 3658 958 3722 pag.
978 3639 1019 3703 81
1040 3636 1188 3702 vidimus.
1224 3634 1339 3719 Neque
1362 3639 1474 3700 tamen

295 3744 350 3808 ille
374 3744 438 3808 sibi
462 3748 591 3809 constat
615 3749 651 3809 ut
675 3745 858 3830 eclecfficus,
879 3745 980 3809 immo
1005 3767 1042 3809 εο
1067 3748 1153 3808 certe
1178 3743 1285 3807 abeis
1310 3741 1474 3825 dissentit,

296 3851 381 3935 quod
405 3843 445 3916 ad
469 3851 577 3915 morbi
601 3851 761 3936 originem
785 3849 1007 3934 explicandam
1032 3871 1127 3914 sucos
1152 3850 1309 3914 advocare
1332 3849 1473 3933 mavult3

295 3959 349 4024 sed
374 3961 489 4041 utpote
513 3957 766 4042 Hippocraticus
790 3956 896 4042 magis
926 3978 1023 4040 quam
1046 3955 1320 4021 Alcmaeonianus
1343 3956 1474 4020 tetrade

295 4087 408 4130 eorum
427 4065 613 4149 acquiescit.
660 4065 731 4141 Qua
754 4064 846 4128 inre
870 4063 1016 4149 argutias
1039 4060 1207 4150 profert¹)‚
1232 4062 1343 4147 quales
1367 4062 1473 4146 philo-

296 4173 435 4257 sophum
458 4173 569 4257 potius
594 4194 692 4256 quam
715 4172 876 4236 medicum
900 4171 1069 4234 redoleant
1093 4169 1296 4253 maximeque
1320 4169 1476 4233 recedant

294 4281 336 4343 ab
360 4301 398 4344 ea
422 4303 485 4363 qua
508 4278 663 4345 Alcmaeo
686 4278 792 4343 utitur
814 4278 869 4343 via
892 4301 929 4344 ac
952 4278 1088 4343 ratione.

294 4425 446 4432 -—.——
458 4424 506 4430 ...--

386 4510 411 4578 1)
429 4507 470 4562 Cf.
488 4507 639 4564 Dielaaium
659 4508 752 4564 Herm.
773 4507 890 4562 XXVIII
904 4514 966 4562 419.
