3358 5132
707 359 927 426 ..41-

320 521 458 588 Aetius
478 520 576 587 Plac.
596 523 683 608 16‚2
702 518 808 608 (Dox.
822 523 887 588 406
903 545 923 586 a
937 522 958 587 b
974 519 1045 610 21):
1063 518 1250 608 Ἀλκμαίων
1268 521 1405 590 ἀκούειν

229 626 315 714 ἡμᾶς
337 635 383 717 τῷ
401 637 486 717 κενῷ
510 637 555 716 τῷ
574 628 665 706 ἐντὸς
688 637 749 696 τοῦ
771 629 866 706 ὠτός·
889 637 987 696 τοῦτο
1009 629 1073 716 γὰρ
1096 625 1183 695 εἶναι
1202 632 1240 696 τὸ
1265 632 1405 716 διηχοῦν

228 735 310 801 κατὰ
337 735 399 820 τὴν
425 745 486 801 τοῦ
512 737 699 821 πνεύματος
725 737 895 821 εἰσβολήν·
925 735 1033 802 κᾶντα
1062 739 1125 822 γὰρ
1152 738 1192 802 τὰ
1219 742 1315 804 κοῖλα
1343 735 1406 825 (sio

229 839 320 908 Stob.
343 841 422 909 κενὰ
444 840 547 931 Plut)
570 844 651 929 ἠχεῖ.
676 880 718 890 -

318 965 358 1033 In
385 967 604 1054 Theophrasti
631 967 740 1034 verbis
771 975 871 1034 τοῦτο
899 969 963 1053 γὰρ
989 969 1096 1054 ἠχεῖν·
1127 967 1340 1054 φθέγγεσθαι
1370 965 1407 1034 δὲ

228 1082 273 1162 τῷ
292 1077 407 1164 κοίλῳ·
431 1075 490 1140 τὸν
508 1072 590 1160 ἀέρα
608 1071 638 1140 d'
662 1073 849 1162 ἀντηχείνῑ)
868 1073 1031 1140 Dielesius
1054 1074 1102 1140 nil
1125 1075 1191 1140 iarn
1214 1076 1406 1140 mutandum

229 1203 299 1246 esse
322 1179 447 1270 ratast)
474 1183 558 1247 verti
586 1182 678 1247 iubet
701 1181 834 1248 ‘sonum
861 1187 972 1250 autem
1000 1184 1094 1248 edere
1123 1179 1205 1268 (soil.
1229 1184 1267 1246 cb
1290 1180 1404 1268 κενόν)

233 1309 312 1354 cauo
335 1290 368 1353 h.
387 1312 412 1354 e.
436 1293 571 1374 propter
593 1310 766 1355 cavernam
789 1288 877 1354 auris
901 1289 1093 1355 interioris'.
1138 1289 1214 1354 Erit
1237 1289 1340 1374 igitur
1367 1291 1404 1354 τὸ

232 1398 330 1462 κενόν
359 1396 379 1464 i.
399 1418 428 1480 q.
451 1396 470 1462 ὁ
493 1393 607 1484 detail),
634 1398 671 1461 τὸ
698 1400 814 1461 κοῖλον
841 1395 862 1459 i.
887 1417 917 1480 q.
939 1395 960 1478 ἡ
983 1399 1092 1461 κοιλία
1120 1394 1174 1484 (of.
1196 1395 1314 1462 Bonita
1341 1395 1407 1460 ind,

232 1501 368 1568 Aristot.
391 1503 456 1569 398
476 1504 496 1568 b
517 1503 558 1568 31
583 1504 621 1568 τὸ
644 1506 759 1568 κοῖλον
782 1510 840 1586 τῆς
861 1504 1000 1588 καρδίας
1022 1499 1117 1588 sim).

319 1609 365 1676 Et
392 1610 491 1675 verba
518 1610 576 1674 illa
602 1607 813 1695 φθέγγεσθαι
841 1606 878 1675 δὲ
904 1619 950 1698 τῷ
975 1614 1077 1698 κοίλῳ
1104 1610 1309 1694 parenthesis
1332 1610 1405 1675 loco

227 1715 425 1802 interposita
443 1739 513 1781 esse
533 1715 607 1781 inde
626 1715 721 1782 facile
740 1714 949 1802 intelligitur,
970 1717 1057 1801 quod
1076 1715 1194 1782 A'e'tius
1212 1739 1279 1782 non
1298 1717 1404 1782 solum

227 1827 409 1890 ceterorum
439 1845 456 1888 e
488 1844 612 1889 conexu
642 1845 681 1887 ea
712 1821 846 1906 exemit,
884 1823 940 1888 sed
972 1823 1072 1888 stiam
1105 1824 1153 1888 ita
1186 1824 1333 1908 loquitur
1366 1828 1404 1888 ut

229 1928 418 1995 Alcmaeoni
440 1927 521 1994 haec
545 1929 718 1994 tribuenda
740 1951 810 1994 esse
841 1951 908 1994 non
932 1929 976 1994 sit
1000 1929 1211 2013 conspicuum
1236 1927 1325 2016 (ἠχεῖ
1344 1951 1404 2014 pro

226 2033 346 2124 ἠχεῖν),
375 2057 440 2120 qua
469 2037 508 2101 de
535 2057 632 2101 eausa
655 2035 782 2101 Psellus
810 2033 863 2123 (de
892 2035 1003 2100 omnif.
1027 2036 1128 2101 doctr.
1153 2038 1209 2119 81,
1236 2036 1318 2101 Dox.
1339 2038 1404 2101 406

227 2143 347 2208 testim.
364 2141 470 2232 Plut)
493 2142 589 2226 plane
614 2165 651 2208 ea
675 2141 794 2208 omisit.
831 2141 980 2226 Denique
1002 2163 1043 2207 ne
1067 2163 1129 2208 vox
1153 2139 1194 2206 ἀί
1213 2142 1322 2227 posita
1344 2164 1405 2228 pro

226 2249 289 2336 γάρ
318 2255 351 2315 te
384 2249 541 2335 offendat,
574 2250 614 2314 ad
641 2249 808 2315 Kuehneri
838 2249 1001 2331 Auaritbrl.
1036 2247 1213 2314 Grummut.
1239 2251 1269 2316 ἀ.
1293 2249 1405 2334 urteola.

226 2355 379 2440 Spructe⁰
401 2357 475 2422 112
498 2378 572 2442 pag.
592 2357 656 2423 816
680 2355 715 2443 (ξ
734 2359 809 2441 532,
827 2353 864 2443 2)
887 2361 920 2421 te
944 2357 1068 2442 delego.

316 2463 433 2548 Itaque
452 2486 491 2529 ea
508 2487 543 2528 re
563 2485 679 2530 sonum
698 2463 785 2529 effici
804 2463 959 2529 Alcmaeo
978 2466 1083 2549 putat,
1108 2465 1194 2548 quod
1217 2487 1281 2532 aer.
1296 2468 1404 2529 motus

228 2571 262 2638 in
290 2593 384 2636 aures
412 2571 597 2656 irrumpens
626 2593 734 2636 aerem
761 2569 927 2636 internum
956 2573 1087 2637 moveat
1120 2567 1168 2635 ita
1198 2574 1236 2636 ut
1262 2570 1405 2654 undique

227 2682 361 2763 saeptus
384 2678 568 2743 vibratione
592 2682 731 2743 resonet.
772 2677 873 2744 Vides
897 2678 1030 2743 minime
1057 2699 1139 2761 opus
1163 2699 1234 2742 esse
1259 2677 1407 2761 Philipp·

228 2783 300 2849 soni
319 2782 390 2872 (ll.
410 2805 484 2870 pag.
501 2780 579 2870 107)
599 2785 787 2850 coniectura
807 2783 929 2873 (κόχλῳ
948 2805 1008 2869 pro
1026 2781 1157 2873 κοίλῳ);
1180 2784 1281 2848 immo
1306 2783 1405 2849 simil-

229 2890 345 2956 limum
367 2889 430 2957 hoc
452 2891 612 2976 placitum
635 2892 827 2958 Aristotelis
854 2892 916 2955 hac
944 2892 983 2955 de
1011 2913 1046 2956 re
1073 2891 1233 2977 opinioni,
1262 2891 1295 2956 id
1319 2891 1407 2975 quod

226 3020 267 3064 ne
293 2997 364 3083 ipse
397 2998 528 3082 quidem
561 2999 744 3084 neglexisse
776 2998 913 3063 videtur.
960 2996 1025 3062 Pro
1059 3003 1148 3064 certo
1182 2997 1270 3063 enim
1300 2996 1406 3064 habeo

227 3105 336 3170 locum
359 3105 388 3170 d.
412 3127 463 3170 an.
486 3105 573 3190 118,
593 3106 657 3170 419
677 3106 698 3170 b
718 3107 770 3184 33,
795 3125 892 3188 quern
915 3107 992 3189 post
1014 3103 1201 3171 Oorsinium
1226 3102 1281 3191 (ad
1305 3101 1406 3191 Plut.)

226 3210 334 3296 Unna,
368 3211 616 3298 Phihppsonnn,
648 3211 810 3278 Sanderus
847 3213 912 3277 huc
945 3216 1093 3298 spectare
1130 3212 1297 3298 dixerunt,
1329 3211 1405 3276 Alc-

318 3443 343 3511 1)
362 3440 408 3495 Sic
427 3441 555 3496 membra
573 3439 708 3496 orationis
726 3439 879 3508 distinguo.

314 3534 344 3601 2)
363 3530 404 3588 cf.
425 3530 495 3586 Dox.
514 3529 596 3600 proll.
616 3545 681 3599 pag.
703 3534 754 3584 223
778 3529 871 3598 (τοῦτο
888 3527 948 3598 ,γὰρ
971 3527 1051 3598 ἠχεῖν
1070 3526 1280 3601 [φθέγγεσθαι]
1305 3527 1403 3584 διὰτὸ

229 3621 335 3692 κοῖλον)
358 3623 388 3675 et
410 3621 507 3674 notam
526 3619 563 3674 ad
581 3634 646 3688 pag.
667 3623 733 3686 506,
752 3623 787 3671 23
805 3619 898 3687 (τοῦτο
919 3616 974 3687 yde
991 3616 1080 3686 ἡχοῦν
1099 3615 1283 3688 φθίχχεοθαι
1307 3617 1356 3674 dud
1373 3617 1406 3674 nd

228 3712 344 3779 κοῖλον).
383 3708 524 3764 Sanderns
547 3706 598 3761 illa
617 3707 813 3762 emendatione
836 3707 932 3776 spreta
954 3705 983 3758 in
1007 3707 1060 3761 bac
1084 3721 1113 3760 se
1132 3707 1309 3775 acquiescere
1328 3707 1405 3764 dicit.

229 3797 283 3852 Sed
302 3795 414 3852 etiamsi
433 3814 504 3866 quae
522 3793 629 3850 tradita
648 3796 714 3849 sunt
732 3793 788 3849 dici
806 3791 963 3864 nequirent,
981 3793 1077 3849 tamen
1091 3810 1147 3848 non
1163 3797 1321 3866 assentirer,
1340 3815 1404 3852 oum

227 3903 284 3942 nou
304 3884 502 3955 uoluminum
525 3885 612 3941 verbo
631 3881 814 3954 φθέγγεσθαι
837 3881 967 3938 additum
990 3897 1226 3953 supervacaneum
1246 3885 1332 3951 esset,
1357 3885 1405 3938 sed

228 3976 314 4033 etiam
332 3974 576 4032 homoioteleuton
593 3974 674 4041 illud,
694 3973 769 4042 quod
783 3988 851 4028 casu
865 3971 973 4026 factum
986 3988 1047 4028 esse
1065 3971 1112 4026 vix
1126 3971 1301 4042 crediderim,
1318 3972 1406 4028 immo

227 4066 264 4120 ad
282 4065 441 4135 aagendam
457 4061 643 4134 oppositionis
659 4062 716 4117 vim
736 4062 849 4132 abipso
863 4060 999 4132 scriptore
1014 4060 1172 4116 adhibitum
1186 4077 1249 4116 esse
1267 4061 1404 4117 contendo

628 4159 710 4207 τοῦτο
728 4150 783 4222 yde
800 4150 881 4222 ἠχεῖν

628 4241 678 4296 τὸν
697 4239 769 4313 dion
787 4238 816 4295 δ’
837 4241 979 4311 ἀντηχεῖν,

226 4317 310 4387 plane
329 4315 478 4372 deleretur.

316 4408 345 4474 8)
364 4403 479 4460 Aristot.
494 4403 528 4459 de
542 4420 586 4460 an.
598 4402 623 4457 ll
634 4399 738 4471 &419b
748 4407 782 4455 33
792 4401 840 4471 (cl.
854 4402 882 4457 h.
896 4401 963 4456 diss.
978 4418 1043 4472 pag.
1059 4402 1104 4468 ta)
1119 4398 1151 4455 rt
1165 4395 1197 4454 dl
1211 4399 1296 4456 κενὸν
1311 4398 1405 4471 ὀρθῶς

227 4492 337 4566 λέγεται
355 4493 454 4566 κύριον
473 4501 522 4548 τοῦ
541 4491 670 4548 ἀκούειν·
689 4493 774 4546 δοκεῖ
786 4489 841 4562 γὰρ
860 4487 935 4546 εἶναι
953 4490 1038 4546 κενὸν
1056 4488 1072 4544 d
1091 4488 1154 4559 ἀήρ.
