3358 5132
756 329 978 394 ..56-

370 488 495 555 Le'e'rI.
515 487 624 576 Diog.
644 488 726 554 VIII
750 490 897 574 83;’ἔφη
922 485 959 555 δὲ
987 487 1042 554 καὶ
1064 489 1126 572 τὴν
1149 490 1259 574 ψυχὴν
1286 488 1457 556 ἀθάνατον

282 593 337 664 καὶ
359 601 528 662 κινεῖσθαι
550 594 656 679 αὐτὴν
679 606 826 680 συνεχῶς
849 595 893 673 ὡς
914 597 974 661 τὸν
996 596 1102 678 ἥλιον.

373 717 508 786 Giee'ro
532 719 563 785 d.
585 723 661 785 nst.
687 720 785 784 deor.
808 718 901 783 111:
929 717 1137 786 Crotoniates
1160 726 1270 788 autem
1292 721 1459 810 Alemeeo,

283 828 339 914 qui
372 827 434 894 soli
467 831 500 892 et
531 826 627 892 quee
663 827 862 912 reliquisque
895 825 1056 892 sideribus
1095 827 1246 895 omnibus
1283 831 1457 916 animoque

281 940 449 1022 praetereo
472 933 678 1000 divinitatem
701 933 803 1018 dedit,
829 956 897 1000 non
920 933 1022 1000 sensit
1045 956 1115 1002 sese
1141 935 1336 1004 mortalibus
1360 940 1456 1005 rebus

282 1043 566 1110 immortalitatem
589 1043 673 1106 dore.

371 1149 546 1217 Clemens
574 1134 777 1214 Alexandr.
806 1148 999 1232 Protropi.
1027 1147 1058 1213 V
1082 1150 1138 1214 66:
1172 1150 1190 1215 ὁ
1223 1150 1337 1237 γάρτοι
1370 1156 1457 1238 Κρο-

237 1256 241 1266 '
281 1257 441 1341 τωνιάτης
461 1255 647 1342 Ἀλκμαίων
673 1259 776 1333 θεοὺς
806 1253 887 1342 sisso
915 1258 994 1332 τοὺς
1016 1254 1153 1342 ἀστέρας
1179 1252 1266 1324 εἶναι
1290 1258 1458 1346 ἐμψύχους

282 1367 388 1442 ὄντας.

371 1469 544 1558 Βοὲλλιαε
568 1472 666 1556 opud
684 1470 895 1535 Eusebium
918 1491 1091 1555 praepar.
1115 1492 1165 1535 ev.
1185 1471 1232 1536 XI
1252 1473 1309 1539 28:
1332 1474 1351 1539 6
1370 1477 1458 1560 Κρο-

285 1579 445 1664 τωνιάτης
467 1580 607 1663 φυσικὸς
626 1575 681 1664 (ef.
700 1574 932 1664 Themistium)
951 1571 1042 1642 εἶπεν
1061 1576 1233 1645 ἀθάνατον
1251 1577 1355 1664 αὐτὴν
1375 1579 1459 1668 (soil.

283 1689 343 1771 την
362 1683 488 1773 ψυχὴν)
507 1680 612 1752 οὖσαν
635 1683 689 1750 καλ
711 1693 820 1749 πᾶσαν
839 1686 979 1768 ἠρεμίαν
1000 1683 1099 1768 φύσει
1123 1686 1262 1769 φεύγειν
1286 1687 1396 1773 ὥσπερ
1419 1689 1459 1753 τὰ

282 1801 361 1860 θεία
384 1804 450 1859 τῶν
474 1793 644 1877 σωμάτων.
668 1829 710 1838 -
1467 1867 1469 1872 ,

371 1899 536 1967 Aristot.
565 1900 608 1965 de
637 1921 692 1963 en.
719 1897 791 1982 12,
812 1897 880 1963 404
903 1921 922 1966 s
946 1899 1002 1964 20:
1030 1896 1084 1964 ἐπὶ
1110 1898 1209 1967 ταύτὸ
1238 1898 1275 1966 δὲ
1302 1900 1461 1988 φέρονται

283 2006 338 2073 καλ
370 2006 444 2073 ὅσοι
477 2005 611 2090 λέγουσι
640 2008 704 2090 ,τὴν
737 2007 848 2092 ψυχὴν
885 2006 921 2071 τὸ
954 2006 1035 2071 αὑτὸ
1070 2015 1201 2073 κινοῦν·
1239 2006 1364 2073 ἐοίκασι
1396 2009 1460 2096 γάρ

284 2111 377 2181 οὗτοι
409 2114 530 2191 πάντες
561 2110 780 2197 ὑπειληφέναι
811 2113 873 2196 την
901 2116 1033 2197 κίνησιν
1066 2116 1269 2180 οἰκειότατον
1302 2110 1387 2181 εἶναι
1419 2125 1460 2202 τῇ

283 2231 373 2308 ψυχῇ
396 2219 514 2288 καὶτὰ
537 2216 599 2304 μὲν
624 2221 707 2286 άλλα
729 2220 836 2285 πάντα
863 2226 1030 2286 κινεῖσθαι
1059 2221 1115 2284 διὰ
1142 2222 1203 2305 την
1229 2224 1358 2308 ψυχήν,
1384 2223 1461 2289 ταύ-

284 2353 345 2413 την
368 2323 399 2394 δ’
425 2325 481 2412 ὑφ’
511 2324 640 2410 ἑαυτῆς,
663 2328 778 2392 διὰτὸ
802 2323 907 2410 μηδὲν
930 2326 1014 2412 ὁρᾶν
1036 2337 1154 2394 κινοῦν
1181 2327 1199 2392 ὃ
1223 2329 1268 2413 μὴ
1295 2327 1350 2395 καὶ
1378 2329 1460 2395 αὐτὸ

284 2447 432 2502 κινεῖται.

377 2560 473 2625 Hune
496 2559 604 2625 looum
629 2560 669 2623 ed
692 2558 924 2625 Alcmaeonem
946 2559 1109 2644 pertinere
1132 2562 1333 2626 contenduni

373 2684 617 2769 Philoponus
646 2684 691 2748 ed
713 2684 734 2748 I.
753 2684 774 2748 I.
799 2682 886 2770 (pag.
912 2685 968 2768 71,
991 2685 1011 2748 6
1035 2682 1251 2773 Heyduok):
1285 2688 1462 2752 αἰνίττεται

287 2793 335 2870 εἰς
358 2792 525 2857 Πλάτωνα
549 2788 604 2855 καὶ
627 2790 837 2875 Ξενοκράτην
862 2789 917 2855 καὶ
936 2787 1157 2876 Ἀλκμαίωνα·
1184 2790 1239 2857 καὶ
1267 2788 1360 2858 οὗτοι
1388 2789 1463 2877 οὖν,

286 2901 401 2983 φησίν,
424 2899 627 2963 οἰκειότατον
654 2897 856 2981 ὑπειλήφασι
884 2905 922 2983 τη
945 2907 1034 2983 ψυχῇ
1063 2893 1149 2963 εἶναι
1176 2900 1213 2963 τὸ
1236 2910 1357 2982 κινεῖν,
1386 2898 1457 2966 ἀλλ’

287 3005 400 3089 ἐπειδὴ
425 3004 583 3089 ἐνόμισαν
607 3004 840 3088 μὴδύνασθαι
862 3013 968 3069 κινεῖν
989 3004 1034 3088 μη
1053 3003 1266 3090 κινουμένην,
1288 3007 1462 3093 αὐτοκίνη-

285 3135 344 3178 τον
367 3112 517 3197 εἰρήκασι
539 3112 601 3196 την
623 3112 742 3195 ψυχην.

375 3241 408 3301 et
432 3238 488 3322 qui
510 3235 730 3320 Philoponum
755 3235 964 3319 exscripsisse
988 3235 1116 3300 videtur

377 3359 596 3445 sophonias
623 3356 694 3446 (ll,
716 3360 759 3425 25
782 3358 998 3447 Hayduek):
1033 3357 1085 3426 ἐπὶ
1112 3361 1212 3427 ταύτὸ
1240 3360 1278 3429 δὲ
1304 3362 1464 3449 φέρονται

287 3467 342 3535 καί
371 3467 443 3533 ὅσοι
471 3465 606 3550 λέγουσι
637 3468 697 3551 την
725 3468 836 3553 ψυχὴν
865 3469 902 3532 τὸ
931 3467 1011 3532 αὑτὸ
1039 3478 1158 3534 κινοῦν
1185 3467 1243 3534 εἴτ’
1274 3463 1339 3538 οὖν
1367 3472 1463 3538 αὐτο-

288 3579 433 3659 κίνητον.
480 3567 546 3639 εἶεν
580 3570 610 3638 δ’
643 3572 685 3638 άν
717 3574 752 3637 oi
781 3571 856 3660 περὶ
884 3574 1050 3640 Πλάτωνα
1082 3573 1136 3640 καλ
1169 3576 1378 3662 Ξενοκράτην
1409 3577 1465 3646 καλ

285 3679 493 3765 Ἀλκμαίωνα
519 3678 575 3745 καὶ
603 3677 708 3765 ἕτεροι
735 3689 801 3745 τῶν
830 3678 867 3744 ἐκ
894 3689 954 3747 τοῦ
978 3685 1194 3767 Σωκρατικοῦ
1222 3684 1465 3751 διδασκαλείου.

290 3789 416 3855 ἐοίκασι
438 3789 501 3873 γάρ
525 3792 559 3852 ελ
582 3808 663 3872 quae
688 3791 869 3871 sequuntur
890 3810 992 3871 peene
1012 3789 1206 3854 adverbum
1226 3813 1265 3856 ex
1286 3790 1466 3859 Aristotele

289 3897 488 3982 deprompta.
514 3931 559 3942 -

380 4002 572 4068 Siobeeus
601 4002 679 4067 Eel.
702 4001 808 4087 phys.
832 4000 848 4064 I
873 4001 916 4066 52
941 3997 1046 4088 (Dox.
1071 4001 1136 4068 386
1160 4002 1180 4067 b
1206 3999 1242 4089 4)
1266 4026 1309 4069 ex
1333 4007 1467 4073 Assio:

284 4109 470 4196 Ἀλκμαίων
488 4109 594 4192 φύσιν
612 4108 829 4192 αὐτοκίνητον
848 4105 917 4173 κατ’
941 4107 1052 4174 ἀΐδιον
1071 4111 1203 4193 κίνησιν
1221 4108 1275 4175 καὶ
1293 4112 1349 4177 διὰ
1367 4123 1466 4180 τοῦτο

290 4217 462 4283 ἀθάνατον
485 4215 589 4299 αὐτὴν
611 4212 666 4279 καί
689 4224 903 4300 προσεμφερῆ
926 4226 996 4292 τοῖς
1019 4218 1127 4294 θείοις
1149 4216 1384 4302 ὑπολαμβάνει.

378 4340 644 4407 Theodoretus
667 4363 742 4430 our.
768 4361 890 4426 greee.
915 4340 979 4404 eff.
1003 4340 1024 4405 5
1048 4338 1146 4428 (pag.
1177 4341 1241 4407 195
1265 4340 1398 4432 Gsisf.)
1428 4369 1468 4412 ex

293 4448 406 4515 eodem
429 4446 541 4518 Aetio:
560 4442 702 4533 Ἀλκμὰν
727 4443 763 4516 δὲ
787 4447 1005 4534 αὐτοκίνητον
1028 4448 1133 4532 αὐτην
1156 4453 1295 4532 εἴρηκεν.
1318 4486 1360 4497 -
