3358 5132
770 419 988 484 ..36-

295 581 414 667 quippe
443 580 498 666 qui
523 579 704 645 doctrinam
732 579 823 644 illam
850 601 916 645 non
939 582 1094 664 exponat,
1121 578 1177 642 sed
1206 578 1296 643 velut
1325 578 1366 643 ab
1395 577 1470 644 aliis

295 687 478 754 accuratius
510 687 576 752 iam
608 687 803 772 explicatam
837 685 979 772 stringat
1012 689 1140 750 tautum
1177 684 1375 769 praeteriens
1412 683 1470 771 (cf.

294 815 368 880 pag·
389 795 440 878 76,
461 791 505 881 5)·
528 831 572 840 “““
953 867 957 876 .

384 900 467 966 Sunt
494 901 551 985 qui
579 923 619 965 ne
648 899 846 966 Heracliti
875 900 1003 984 quidem
1033 900 1172 986 vestigia
1200 900 1234 964 in
1262 897 1472 965 Alcmaeonis

296 1009 435 1074 decretis
459 1009 569 1073 deesse
592 1011 717 1092 putent.
764 1007 813 1072 Ne
839 1006 978 1093 singulis
1006 1006 1219 1092 decipiamur,
1248 1007 1357 1073 omnia
1385 1028 1472 1072 com-

295 1136 447 1201 paremus
467 1119 607 1199 oportet,
627 1136 708 1199 quae
728 1137 766 1179 ex
786 1136 898 1180 eorum
918 1112 1066 1178 doctrina
1090 1113 1211 1178 similia
1230 1115 1407 1179 videantur.
1429 1151 1470 1160 -

297 1223 444 1287 Primum
473 1226 506 1287 et
529 1220 717 1288 Heraclitus
746 1225 779 1287 et
802 1220 956 1286 Alcmaeo
986 1242 1098 1285 sensus
1127 1222 1171 1304 μὴ
1199 1229 1244 1306 τῷ
1269 1222 1372 1310 ὁμοίῳ
1400 1221 1473 1285 fieri

296 1328 438 1394 voluisse
462 1327 623 1393 dicuntur.
661 1326 723 1393 Sed
744 1327 902 1392 Heracliti
926 1325 1049 1392 mentio
1074 1325 1249 1413 (Theophr.
1271 1327 1310 1392 de
1335 1349 1431 1392 seusu
1453 1331 1469 1392 1

297 1467 339 1490 ==
355 1435 436 1500 Dox.
452 1435 528 1521 499,
543 1431 578 1522 3)
597 1434 802 1500 dubitatione
821 1455 887 1499 non
906 1438 1008 1519 caret3
1028 1433 1066 1498 cf.
1082 1433 1261 1498 Dielesium
1280 1438 1314 1498 et
1328 1433 1474 1518 Philipp-

298 1565 414 1607 sonum
439 1542 479 1606 ad
502 1542 523 1606 l.
541 1542 563 1606 l.
590 1579 626 1587 —
657 1541 727 1605 lam
751 1540 953 1624 Philoponus
978 1537 1032 1628 (cf.
1056 1561 1130 1626 pag.
1150 1537 1217 1627 55),
1244 1540 1301 1624 qui
1329 1563 1407 1605 eam·
1430 1541 1473 1604 ob

297 1670 430 1714 causam
450 1647 592 1712 animam
612 1647 832 1711 immortalem
853 1669 923 1711 esse
945 1647 1173 1712 Alcmaeonem
1197 1651 1329 1730 putasse
1352 1651 1474 1732 narret,

298 1755 384 1839 quod
408 1755 452 1818 sit
476 1752 512 1818 ἐκ
534 1762 594 1818 τοῦ
618 1753 780 1839 οὐρανίου
804 1754 964 1837 σώματος,
987 1753 1020 1818 id
1040 1754 1125 1837 quod
1145 1753 1186 1818 ab
1205 1753 1373 1819 Heraclito
1393 1755 1475 1838 peti-

298 1867 370 1926 tum
394 1882 464 1926 esse
492 1860 578 1924 haud
607 1859 675 1924 scio
706 1882 747 1925 an
775 1859 848 1944 quis
876 1860 976 1945 dicat,
1005 1882 1081 1925 sane
1110 1861 1227 1946 exigua
1255 1864 1305 1926 est
1332 1861 1395 1926 fide
1418 1859 1475 1948 (of.

299 1989 372 2054 pag.
397 1968 463 2051 30).
492 2003 534 2013 -
563 1967 665 2032 Porro
694 1987 734 2031 ne
763 1968 801 2031 de
829 1966 923 2031 annis
952 1967 1178 2032 climactericis
1206 1989 1262 2032 eos
1290 1969 1474 2033 consentire

301 2074 438 2153 mireris,
462 2074 502 2139 cl.
522 2096 603 2158 quae
621 2094 694 2158 pag.
714 2075 756 2138 64
768 2096 815 2158 sq.
839 2073 982 2157 exposui.
1000 2111 1037 2120 —
1060 2073 1230 2138 Praeterea
1249 2074 1417 2139 simillima
1436 2075 1475 2138 de

299 2181 445 2266 corporis
460 2181 594 2245 humani
608 2184 726 2245 natura
741 2180 928 2246 Heraclitus
947 2180 1092 2265 proferre
1112 2180 1247 2246 videtur.
1284 2181 1361 2246 Tria
1380 2182 1476 2247 docet

298 2289 333 2353 in
357 2310 493 2372 corpore
515 2287 659 2352 humano
683 2287 788 2352 inesse
808 2287 982 2371 elementa,
1011 2287 1078 2352 scil.
1102 2296 1168 2373 πῦρ
1196 2297 1260 2372 γῆν
1287 2287 1475 2372 θάλασσαν,

300 2416 381 2479 quae
401 2394 668 2460 conversionibus
688 2394 882 2479 quibusdam
901 2394 999 2460 certis
1018 2399 1170 2460 naturam
1188 2395 1274 2460 inter
1293 2416 1327 2459 se
1346 2399 1475 2461 mutent

301 2501 356 2586 ita,
375 2505 412 2566 ut
430 2523 456 2566 e.
477 2522 524 2587 gr.
544 2522 628 2585 aqua
649 2502 842 2567 tantundem
860 2500 1016 2585 humoris,
1040 2505 1198 2586 quantum
1216 2501 1286 2587 igni
1305 2506 1476 2587 terraeque

302 2609 435 2692 dederit,
454 2609 526 2692 ipsa
545 2609 587 2673 ab
606 2607 675 2694 igni
695 2613 846 2692 terraque
865 2608 1001 2693 recipiat
1020 2613 1109 2674 certa
1123 2613 1257 2674 naturae
1277 2609 1357 2695 lege,
1376 2631 1476 2694 quam

300 2714 464 2800 ἁρμονίαν
495 2715 550 2780 ille
579 2719 683 2781 vocat.
730 2715 830 2780 Vides
862 2715 909 2780 nil
942 2716 996 2782 hic
1024 2715 1087 2781 dici
1119 2717 1157 2780 de
1186 2715 1271 2781 binis
1302 2716 1477 2781 contrariis

301 2821 602 2904 innumerabilibus,
621 2822 722 2885 immo
742 2823 779 2886 de
799 2823 899 2886 trium
914 2822 1034 2886 circulo
1054 2828 1144 2888 certo
1163 2826 1260 2907 atque
1280 2823 1478 2910 constituto;

302 2931 471 3011 praeterea
498 2928 537 2992 de
566 2928 736 2993 elementis
761 2928 964 3014 Heraclitus,
996 2930 1035 2995 de
1064 2930 1279 3013 qualitatibus
1309 2931 1360 2994 vel
1389 2931 1477 2995 sucis

301 3032 464 3099 Alcmaeo.
511 3031 596 3108 Quin
618 3057 658 3099 ne
681 3034 871 3100 harmoniae
896 3037 1025 3120 quidem
1047 3035 1153 3120 notio,
1182 3036 1209 3100 si
1234 3041 1383 3102 accurate
1406 3060 1477 3102 rem

303 3144 492 3224 tractamus,
517 3141 626 3205 eadem
647 3146 698 3206 est
717 3145 814 3226 atque
834 3141 1021 3208 isonomiae.
1058 3142 1142 3207 Nam
1161 3143 1323 3208 isonomia
1341 3144 1477 3208 eandem

301 3247 431 3332 utrique
456 3248 619 3313 contrario
643 3253 843 3332 potestatem
867 3249 1027 3334 concedit3
1049 3250 1221 3314 harmonia
1243 3249 1397 3334 prohibet
1419 3250 1479 3315 illa

303 3355 443 3440 quidem,
461 3377 501 3419 ne
521 3355 570 3419 vis
590 3355 705 3439 cuique
726 3355 886 3420 elemento
901 3377 939 3420 ex
952 3355 1048 3422 initio
1069 3378 1224 3422 concessa
1241 3357 1293 3422 vel
1311 3357 1479 3422 minuatur

303 3461 353 3527 vel
378 3465 550 3546 augeatur,
577 3461 632 3526 sed
656 3465 766 3526 utrum
789 3463 901 3527 eadem
925 3463 1041 3547 cuique
1065 3485 1219 3529 concessa
1242 3463 1351 3528 sitan
1373 3463 1479 3528 maior

303 3569 358 3633 uni
379 3566 486 3655 (egr.
507 3564 591 3654 igni)
612 3589 708 3651 quam
728 3568 855 3653 ceteris,
879 3591 917 3632 ex
935 3568 1126 3635 harmoniae
1149 3575 1235 3635 certe
1254 3569 1388 3635 notione
1411 3593 1478 3635 non

303 3665 416 3741 elucet.
462 3675 582 3740 Tamen
615 3675 677 3740 hae
714 3675 748 3739 in
781 3676 945 3758 aequitate
981 3679 1053 3741 tota
1085 3675 1292 3742 Alcmaeonis
1329 3677 1481 3743 doctrina

302 3781 428 3847 nititur.
451 3819 493 3828 —

392 3888 438 3953 At
457 3889 616 3954 immensa
636 3889 875 3954 contrariorum
895 3890 1071 3955 multitudo
1091 3891 1132 3954 ab
1151 3889 1320 3957 Heraclito
1339 3893 1481 3976 petenda

303 3997 441 4079 videtur,
460 3996 516 4079 qui
536 3995 774 4061 contrariorum
793 3996 963 4060 innumera
982 3996 1108 4080 profert
1126 3997 1285 4083 exempla!
1319 3997 1366 4062 Ut
1384 3997 1481 4062 omit-

304 4109 373 4168 tam
400 4103 447 4167 nil
477 4124 560 4182 esse,
594 4124 651 4167 cur
678 4124 834 4188 negemus
867 4126 886 4167 a
913 4102 1131 4190 Pythagoreis
1164 4108 1197 4169 et
1227 4105 1307 4190 ipsis
1336 4101 1481 4170 Crotone

304 4209 495 4276 docentibus
523 4208 586 4275 hoc
615 4231 684 4274 esse
713 4210 866 4293 petitum,
900 4232 1027 4296 vereor,
1059 4234 1099 4275 ne
1132 4209 1197 4276 alia
1226 4211 1292 4277 sint
1319 4211 1482 4276 Heracliti

304 4317 482 4400 contraria,
512 4316 577 4381 alia
599 4315 816 4382 Alcmaeonis.
862 4316 1049 4383 Heraclitus
1073 4319 1173 4403 enim,
1201 4340 1274 4384 cum
1303 4315 1412 4382 omnia
1440 4340 1482 4382 ex

305 4426 381 4511 igne
406 4429 480 4490 orta
503 4444 574 4487 esse
597 4427 701 4509 putet,
725 4424 889 4489 contraria
913 4425 1096 4509 ubicunque
1120 4424 1257 4490 inveniri
1280 4446 1346 4489 non
1369 4428 1483 4508 potest

306 4532 500 4597 contendere
523 4529 588 4593 nisi
611 4530 668 4615 ita,
691 4533 742 4615 ut,
766 4552 839 4595 cum
863 4552 991 4615 semper
1014 4531 1118 4596 fluant
1141 4553 1192 4596 res
1215 4532 1256 4596 ab
1277 4530 1380 4596 altero
1403 4552 1483 4596 con-
