3358 5132
697 355 915 418 „27-

221 515 388 580 dicemus?
427 513 514 580 Nam
536 513 661 580 ionicos
686 513 828 578 medicos
850 513 913 577 hoc
935 513 1047 577 libello
1071 511 1199 598 saepius
1222 534 1299 578 usos
1322 535 1392 577 esse

223 644 297 686 mox
322 621 510 686 videbimus.
546 623 596 685 An
616 619 730 686 ionicis
745 619 952 685 Alcmaeonis
974 619 1090 703 verbis,
1115 642 1188 685 curn
1207 620 1392 685 doricorum

222 727 446 794 Crotoniensis
479 728 609 794 scholae
643 727 841 792 medicorum
874 727 1024 792 manibus
1059 749 1161 810 usque
1194 730 1390 792 tractaretur

221 835 362 917 libellus,
385 834 512 900 doricas
535 835 657 900 formas
681 833 887 898 intermixtas
910 855 980 898 esse
1004 832 1158 917 putabis?

310 958 414 1034 Quam
446 960 485 1023 ad
520 959 742 1042 quaestionem
774 958 1018 1041 disceptandam
1051 980 1068 1021 e
1095 979 1129 1022 re
1162 978 1231 1020 esse
1265 957 1392 1020 videtur

223 1087 391 1149 quaerere,
419 1087 559 1149 quanam
582 1065 721 1129 dialecto
744 1065 845 1131 ceteri
867 1064 998 1129 illarum
1022 1063 1191 1150 regionum
1216 1062 1392 1146 scriptores

221 1173 275 1258 qui
295 1194 452 1256 proversa
470 1172 617 1238 oratione
637 1173 685 1237 usi
702 1176 779 1236 sunt
796 1171 899 1236 libros
914 1169 1175 1255 conscripserint.
1212 1168 1392 1233 Audiamus

220 1278 437 1344 Iamblichum
456 1277 499 1366 (v.
518 1279 614 1364 Pyth.
633 1277 727 1364 241):
751 1280 979 1361 Μητρόδωρος
1001 1277 1019 1343 ὁ
1040 1277 1175 1360 Θύρσου
1194 1285 1254 1341 τοῦ
1271 1277 1394 1358 πατρὸς

217 1383 418 1469 Ἐπιχάρμου
445 1384 499 1450 καὶ
522 1395 580 1469 τῆς
603 1384 732 1450 ἐκείνου
756 1386 971 1460 διδασκαλίας
998 1385 1037 1448 τά
1060 1387 1198 1448 πλείονα
1225 1384 1308 1465 πρὸς
1333 1383 1393 1465 τὴν

221 1493 371 1576 ἰατρικὴν
393 1491 587 1575 μετενέγκας
610 1491 827 1576 ἐξηγούμενος
851 1492 927 1566 τοὺς
945 1498 1006 1554 τοῦ
1024 1493 1145 1573 πατρὸς
1169 1493 1289 1572 λόγους
1312 1491 1394 1572 πρὸς

220 1601 279 1663 τὸν
301 1597 449 1682 ἀδελφόν
472 1616 554 1683 φησι
577 1601 637 1664 τὸν
657 1595 857 1682 Ἐπίχαρμον
884 1595 939 1662 καὶ
962 1599 1026 1680 πρὸ
1049 1598 1169 1662 τούτου
1191 1597 1251 1660 τὸν
1275 1601 1392 1660 Πυθα-

221 1708 326 1788 γόραν
337 1705 367 1789 [δ
386 1705 425 1769 cf.
445 1705 550 1771 Zeller
568 1702 602 1768 Ι4
621 1706 696 1788 266,
713 1703 746 1788 1]
766 1715 832 1770 τῶν
851 1701 1033 1768 διαλέκτων
1051 1701 1189 1787 ιἰρίστην
1213 1703 1394 1786 λαμβάνειν

219 1810 281 1893 τὴν
299 1813 447 1894 Δωρίδα.
484 1812 671 1876 Metrodoro
695 1814 805 1876 autem
829 1833 862 1876 se
882 1809 1078 1894 applicuisse
1102 1809 1231 1873 videtur
1255 1812 1288 1874 et
1305 1808 1392 1874 Acro

224 1915 352 1982 Siculae
376 1918 505 1984 scholae
529 1915 703 2001 medicus¹)
732 1920 766 1981 et
789 1917 957 1981 Philolaus
980 1917 1196 2000 philosophus
1225 1917 1316 1982 cuius
1340 1941 1394 1982 ex-

223 2029 313 2090 stant
336 2025 528 2110 fragmenta.
565 2024 686 2089 Tamen
710 2022 882 2107 plerosque
903 2022 1129 2108 Pythagoreos
1152 2045 1212 2088 sua
1234 2046 1394 2108 quemque

222 2131 363 2196 dialecto
396 2131 565 2215 scripsisse
598 2131 684 2194 idem
717 2130 818 2195 tradit
849 2127 1082 2215 lamblichus²)
1114 2151 1218 2212 neque
1251 2130 1319 2194 scio
1354 2152 1395 2193 an

223 2238 376 2304 Alcmaeo
410 2238 506 2303 aliter
537 2238 589 2302 his
623 2237 661 2300 de
694 2238 790 2302 rebus
823 2237 968 2322 cogitare
1001 2236 1147 2320 potuerit
1179 2231 1277 2320 atque
1308 2236 1395 2302 Acro

223 2344 360 2410 Siculus.
405 2343 492 2408 Nam
516 2343 782 2408 Crotoniatarum
806 2344 919 2408 schola
941 2343 1067 2408 medica
1089 2343 1199 2427 paullo
1224 2348 1298 2408 ante
1324 2344 1396 2408 Alc-

224 2452 369 2517 maeonis
398 2455 539 2517 aetatem
568 2450 699 2515 condita
722 2473 792 2514 esse
816 2450 943 2514 videtur
971 2473 990 2514 a
1014 2449 1137 2515 Cnidiis
1167 2450 1312 2534 medicis,
1341 2450 1396 2532 qui

223 2559 302 2642 quin
324 2558 432 2624 ionico
456 2579 604 2624 sermone
627 2556 679 2622 usi
703 2558 769 2621 sint
792 2555 935 2621 dubitari
959 2557 1081 2640 nequit.

311 2683 484 2748 Praeterea
498 2683 665 2748 videamus
680 2682 795 2766 ecquid
809 2704 869 2746 nos
883 2681 995 2746 iuvent
1015 2703 1097 2764 quae
1117 2704 1134 2745 e
1153 2681 1270 2768 fragm.
1285 2680 1362 2746 XVI
1370 2679 1396 2768 ³)

164 2809 170 2819 ·
222 2788 330 2875 promi
357 2793 495 2873 possunt
522 2790 622 2854 verba
643 2788 860 2854 Alcmaeonis.
901 2788 947 2852 Et
974 2785 1173 2871 ἀναχάσκειν
1202 2788 1332 2873 quidem
1360 2793 1397 2851 ut

222 2897 417 2981 antiquioris
437 2895 596 2962 sermonis
616 2917 686 2962 esse
705 2899 841 2980 apparet
854 2891 909 2981 (cf.
924 2895 964 2960 ad
979 2893 1094 2980 fragm.
1109 2893 1213 2982 XVI),
1232 2897 1280 2961 ita
1298 2894 1395 2960 ionici

222 3007 351 3068 tautum
374 3003 475 3069 fuisse
498 3025 564 3068 non
589 3006 725 3068 constat.
770 3002 841 3066 Iam
864 3002 902 3065 de
926 3023 1004 3066 voce
1027 3005 1115 3086 θορη
1139 3024 1205 3066 non
1224 3001 1397 3066 mediocris

223 3109 443 3176 contentionis
463 3109 611 3194 quaestio
630 3113 688 3174 est.
728 3108 833 3184 Quam
852 3129 964 3173 vocem
982 3107 1116 3172 minime
1135 3130 1207 3173 esse
1229 3109 1398 3194 vulgarem
1439 3127 1443 3134 ·

223 3217 379 3300 ostendit,
403 3216 431 3280 si
454 3217 631 3304 genuinum
654 3219 718 3301 est,
745 3213 914 3279 Plutarchi
937 3215 1264 3298 interpretamentum
1287 3214 1306 3277 ὅ
1330 3213 1397 3278 ἐστι

223 3322 406 3408 σπέρματος
434 3321 530 3408 (post
556 3319 695 3409 θορῆς),
723 3321 751 3386 si
778 3321 886 3385 minus
916 3320 1031 3385 Galeui
1062 3343 1153 3386 error
1175 3321 1278 3384 mirus
1307 3321 1399 3405 (σαρ-

222 3427 303 3514 κός).
350 3429 464 3494 Oritur
487 3430 589 3516 igitur
612 3429 754 3512 suspicio
778 3431 816 3491 ut
837 3426 1036 3513 ἀναχάσκειν
1059 3426 1107 3491 ita
1130 3434 1237 3511 θορῆς
1254 3427 1398 3512 glossam

315 3730 340 3797 1)
359 3726 458 3783 Suidas
477 3745 498 3782 ε.
513 3747 554 3782 v.:
575 3723 681 3796 ἔγραψε
700 3726 765 3796 ιτερλ
784 3724 910 3794 ἰατρικῆς
929 3728 1028 3796 δωρίδι
1047 3724 1191 3798 διαλέκτῳ.

312 3837 339 3904 2)
357 3833 455 3889 Iambl.
472 3835 490 3890 l.
505 3835 535 3888 l.:
556 3832 665 3903 λέγεται
678 3835 776 3888 τοίνυν
795 3833 831 3896 ὡς
846 3841 928 3903 φωνῇ
947 3837 1071 3904 χρῆσθαι
1089 3841 1123 3904 τῇ
1137 3830 1254 3906 πατρῴα
1274 3826 1398 3894 ἑκάστοις

224 3923 415 3993 παρήγγελλον
434 3920 494 3979 ὅσοι
512 3932 568 3978 τῶν
582 3920 725 3990 Ἑλλήνων
743 3925 906 3992 προσῆλθον
926 3923 996 3992 πρὸς
1013 3922 1064 3990 τὴν
1084 3924 1238 3978 κοινωνίαν
1257 3921 1369 3989 ταύτην.
1395 3925 1399 3932 ’

312 4031 340 4100 3)
358 4030 433 4084 Plut.
447 4029 521 4100 Epit.
532 4029 557 4084 V
570 4035 633 4096 14,1
651 4031 694 4098 (ε
712 4030 779 4084 Dox.
795 4034 848 4082 424
861 4046 879 4081 a
893 4031 949 4099 ³0):
964 4025 1114 4099 Ἀλκμαίων
1126 4037 1183 4084 τῶν
1197 4025 1322 4098 ἡμιόνων
1336 4029 1403 4091 τοὺς

224 4116 277 4190 μὲν
295 4118 416 4189 ἄρρενας
435 4117 555 4189 ἀγόνους
573 4118 651 4190 παρὰ
669 4118 721 4187 τὴν
740 4116 893 4186 λεπτότητα
911 4125 961 4187 τῆς
979 4121 1070 4188 θορῆς
1088 4118 1137 4172 καλ
1155 4114 1332 4188 ψυχρότητα·
1351 4115 1402 4180 τάς

224 4206 255 4262 δὲ
274 4209 394 4278 θηλείας
412 4208 489 4277 παρὰ
507 4209 538 4264 τὸ
558 4207 596 4278 μὴ
613 4207 816 4278 ’ἀναχάσκειν
837 4205 888 4269 τὰς
902 4207 1018 4278 μήτρας·
1040 4204 1112 4262 οὕτω
1131 4206 1184 4278 γάρ
1199 4203 1284 4266 αὐτὸς
1298 4203 1401 4275 εἴρηκε.

223 4297 345 4352 Galenus
364 4297 445 4368 (Dos.
467 4303 531 4366 643,
551 4299 579 4366 9)
597 4297 685 4362 idem,
707 4297 762 4353 nisi
780 4295 855 4366 quod
873 4313 925 4364 pro
945 4294 1118 4366 ἀναχάσκειν
1137 4293 1208 4348 dicit
1226 4293 1403 4350 ἀνακόπτειν

225 4391 255 4440 et
277 4402 327 4456 pro
350 4389 442 4456 θορῆς
464 4385 579 4442 exhibet
603 4385 718 4457 σαρκός,
741 4383 851 4441 omissis
870 4384 1003 4440 extremis
1028 4382 1120 4438 verbis
1144 4381 1216 4440 οὕτω
1239 4380 1294 4452 γὰρ
1318 4383 1404 4448 αὐτὸς

224 4476 326 4544 ωηο.
