3358 5132
687 312 907 375 ..49-

208 470 295 536 aliud
315 474 366 536 est
384 472 422 535 τὸ
441 473 578 555 στίλβον
595 471 659 537 nisi
673 473 711 538 τὸ
724 482 792 556 πῦρ
809 493 869 537 nec
882 473 920 536 τὸ
934 467 1094 555 διαφανέα
1110 470 1175 535 nisi
1189 469 1226 534 τὸ
1243 467 1335 553 ὕδωρ
1342 466 1383 556 ¹),

206 599 288 666 quae
311 577 346 642 in
370 577 451 662 ipsis
475 578 578 643 oculis
602 579 715 644 insunt
740 582 838 664 atque
862 578 908 642 eis
933 599 1014 661 quae
1037 577 1263 663 percipiuntur
1286 577 1383 642 rebus

207 685 375 770 offulgent.
406 683 522 770 Itaque
541 689 599 750 aut
613 686 744 772 egregie
762 684 861 749 fallor
879 688 936 748 ant
954 683 1037 748 illud
1056 685 1165 770 ipsum
1184 683 1272 768 quod
1287 687 1386 768 caput

206 797 239 856 et
257 813 385 856 summa
404 795 456 856 est
473 792 639 858 doctrinae
653 792 882 876 Aristotcleee,
901 792 969 857 scil.
987 792 1094 856 visum
1112 792 1183 857 fieri
1202 813 1268 856 non
1288 811 1385 876 posse

203 899 267 964 nisi
288 898 510 964 intercedente
533 898 699 984 perlucido
724 900 865 983 quodam
887 898 973 962 inter
1002 898 1149 963 sensoria
1177 921 1214 964 ac
1237 921 1290 964 res
1314 919 1385 983 per·

207 1006 381 1091 cipiendas‚
401 1005 442 1070 ab
457 1005 655 1071 Alcmaeone
670 1005 765 1091 plane
780 1005 923 1070 alienum
937 1009 996 1070 est.
1029 1004 1122 1091 Ignis
1138 1009 1247 1070 autem
1261 1005 1386 1069 mentio

207 1113 291 1195 apud
316 1111 497 1178 Stobaeum
525 1114 646 1178 omissa
674 1117 725 1178 est
753 1113 821 1178 sive
848 1113 1056 1178 librariorum
1086 1113 1289 1199 negligentia
1317 1113 1385 1177 sive

206 1220 307 1304 ipsius
335 1217 483 1305 Scobael,
515 1220 555 1284 ad
585 1242 681 1304 quem
714 1243 752 1284 eo
779 1220 909 1285 facilius
939 1219 1023 1284 hanc
1052 1219 1184 1305 culpam
1214 1218 1386 1283 transferri

205 1347 301 1411 posse
323 1331 415 1411 puto,
438 1347 512 1391 curn
531 1327 565 1390 in
583 1326 715 1391 ineunte
732 1326 921 1392 narratione
939 1327 1168 1413 neglegentius
1193 1326 1280 1411 ignis
1299 1349 1387 1390 men-

207 1433 331 1498 tionem
357 1432 604 1517 Theophrastus
632 1432 785 1498 moverit:
818 1433 1017 1517 ὀφθαλμοὺς
1044 1429 1082 1497 dt
1110 1431 1210 1517 ὁρᾶν
1242 1433 1298 1496 διὰ
1324 1442 1386 1498 τοῦ

205 1535 299 1623 πέριξ
322 1538 458 1615 ὕδατος·
487 1539 538 1604 ὅτι
562 1536 594 1604 d'
619 1540 700 1624 ἔχει
722 1548 789 1620 πῦρ
812 1544 881 1605 κτλ.
927 1538 997 1604 Nec
1017 1555 1133 1605 'verum
1159 1561 1230 1604 esse
1256 1539 1292 1603 in
1315 1540 1386 1604 solo

209 1645 369 1728 διαφανεῖ
393 1643 626 1711 Alcmaeonem
654 1645 761 1710 visum
791 1646 940 1731 posuisse
972 1646 1046 1711 inde
1079 1667 1207 1732 quoque
1240 1650 1386 1730 apparet,

211 1753 296 1836 quod
323 1750 404 1817 haec
428 1751 538 1836 opinio
568 1750 706 1817 Clidemi
735 1753 824 1818 ldsov
846 1752 947 1817 fuisse
972 1751 1092 1818 dicitur
1114 1750 1196 1818 Dor.
1221 1753 1300 1838 510,
1323 1749 1386 1840 4¹)

208 1858 314 1923 Immo
337 1859 372 1922 in
395 1858 464 1944 igni
483 1858 657 1943 praecipue
677 1859 806 1924 videndi
829 1859 898 1923 vim
920 1858 981 1923 niti
1001 1857 1228 1924 Crotoniatum
1252 1863 1385 1944 putasse

209 1965 327 2043 elucet,
355 1969 471 2048 utpote
500 1966 556 2049 qui
585 1987 703 2050 aquam
732 1966 932 2031 circumdare
960 1966 1069 2050 ipsum
1096 1963 1260 2052 oculum²)
1286 1967 1386 2030 dicat:

211 2071 408 2157 ὀφθαλμοὺς
430 2068 468 2136 dl
491 2071 576 2154 ὁρᾶν
598 2072 664 2136 διὰ
686 2081 746 2138 τοῦ
768 2070 879 2157 πέριξ
903 2072 1033 2150 ὕδατος.
1079 2071 1132 2137 Ab
1155 2072 1218 2138 hoc
1241 2077 1386 2157 repeten-

210 2177 286 2242 dum
310 2200 380 2243 esre
403 2201 463 2263 pro
487 2182 577 2243 certo
601 2178 717 2263 habeo,
741 2180 828 2262 quod
851 2201 964 2244 omues
986 2179 1054 2244 fere
1077 2182 1153 2244 ante
1171 2178 1386 2246 Aristotelem

210 2284 399 2368 philosophi
431 2285 541 2372 ignem
573 2286 607 2349 in
640 2286 743 2350 oculis
775 2287 881 2351 inesse
914 2290 1126 2374 putaverunt3
1163 2309 1267 2371 neque
1299 2287 1387 2353 enim

211 2391 308 2456 aliam
330 2391 428 2456 huius
452 2391 615 2477 opinionis
639 2414 770 2457 causam
794 2393 908 2458 afferre
932 2394 1085 2459 solebant
1105 2395 1171 2458 uisi
1195 2416 1292 2478 quam
1313 2394 1387 2459 Alc-

209 2498 354 2562 maeonis
373 2497 474 2562 fuisse
497 2498 551 2564 hic
570 2499 730 2564 videmus:
753 2507 888 2564 ποιοῦσι
907 2494 945 2563 δὲ
963 2499 1083 2576 πάντες
1104 2501 1165 2584 τὴν
1184 2502 1264 2578 ὄψιν
1282 2503 1388 2584 πυρὸς

209 2605 264 2669 διὰ
286 2606 325 2669 τὸ
347 2604 480 2682 πάθους
502 2607 592 2682 τινὸς
615 2603 751 2688 ἀγνοεῖν
773 2607 835 2690 τὴν
858 2606 981 2670 αἰτίαν·
1009 2605 1217 2690 θλιβομένου
1245 2609 1308 2692 γὰρ
1331 2605 1387 2672 καὶ

208 2708 408 2794 κινουμένου
434 2722 496 2778 τοῦ
524 2711 704 2797 ὀφθαλμοῦ
731 2716 885 2796 φαίνεται
913 2723 980 2797 πῦρ
1008 2711 1186 2797 ἐκλάμπειν
1216 2712 1333 2800 (Arist.
1358 2715 1387 2778 d.

210 2839 291 2882 sens.
311 2819 332 2881 2
355 2839 429 2904 pag.
448 2819 511 2883 437
533 2841 553 2882 a
570 2814 638 2905 23).

296 2924 412 3009 Ignem
444 2926 485 2990 ab
518 2948 604 3010 aqua
636 2926 872 2991 circumdatum
904 2927 1012 2991 medio
1043 2927 1078 2991 in
1108 2928 1217 3012 oculo,
1246 2927 1279 2993 h
1297 2950 1324 2993 e.
1352 2928 1387 2994 iu

208 3031 343 3116 pupula,
371 3032 483 3096 eodem
513 3054 576 3116 quo
602 3031 755 3098 Alcmaeo
784 3033 881 3098 modo
908 3034 1004 3116 pouit
1031 3033 1263 3120 Empedocles,
1290 3058 1386 3120 quem

210 3159 268 3202 sua
295 3139 333 3202 de
361 3139 447 3203 oculi
476 3142 642 3205 structura
669 3139 792 3224 placita
818 3161 857 3203 ex
886 3138 1094 3205 Alcmaeonis
1126 3141 1211 3206 libro
1237 3139 1386 3207 hausisse

209 3244 388 3310 clarissime
416 3246 561 3311 ostendit
581 3245 745 3310 Dielesius
772 3244 823 3333 (in
849 3245 976 3312 dissert.
1001 3247 1039 3311 de
1062 3245 1185 3334 Gorgia
1213 3233 1247 3312 et
1269 3249 1387 3334 Empe

208 3350 298 3416 docle
321 3352 341 3416 l.
356 3349 400 3437 l.).

296 3457 398 3524 Vides
409 3459 648 3542 Alcmaeonem,
664 3459 771 3544 qualis
786 3459 1045 3544 aTheophrasto
1061 3459 1266 3546 describitur,
1280 3462 1387 3547 magis

208 3619 359 3628 ——----
370 3621 420 3629 --n—

299 3725 327 3795 1)
344 3723 389 3778 Ab
406 3723 562 3781 Aristotele
586 3740 697 3792 quoque
716 3722 829 3794 saepius
847 3724 923 3780 oculi
945 3725 1092 3780 humorem
1110 3725 1252 3796 appellari
1273 3727 1306 3783 τὸ
1324 3730 1388 3783 δια-

209 3809 299 3883 φανέα
323 3813 396 3868 inter
414 3829 512 3868 omnes
531 3815 644 3868 constat
666 3813 712 3884 (cl.
732 3813 759 3868 d.
775 3830 857 3868 sensu
875 3813 963 3868 laub
983 3819 1012 3882 6,
1031 3819 1083 3870 438
1108 3829 1125 3866 a
1148 3819 1194 3881 λίς
1213 3815 1240 3870 d.
1260 3833 1323 3885 geu.
1342 3835 1387 3872 an.

210 3907 261 3957 780
281 3919 298 3957 a
320 3903 356 3972 3).
392 3901 475 3956 Haud
494 3917 575 3956 secus
593 3899 784 3971 Pr.·Hippocr.
804 3903 839 3957 de
857 3901 945 3973 princ.
966 3902 1093 3971 1⁷(V111
1112 3909 1173 3973 606,
1192 3904 1275 3975 8h.):
1298 3905 1388 3960 πολλὰ

209 3987 240 4045 di
262 3987 342 4046 ταῦτ’
364 3985 421 4046 ἐστί
443 3990 479 4046 τὰ
501 3987 628 4063 δέρματα
651 3989 706 4061 πρὸ
729 3999 780 4045 τοῦ
804 3988 933 4062 ὀρέοντος
956 3988 1103 4060 διαφανέα
1125 3989 1222 4047 deoida
1241 4013 1294 4063 περ
1317 3991 1388 4048 αότό

209 4075 278 4135 ἐστι’
297 4080 386 4154 τούτῳ
404 4080 457 4151 γὰρ
476 4083 515 4155 τῷ
535 4082 678 4149 διαφανεῖ
691 4080 832 4153 ἀνταυγεῖ
847 4080 918 4152 (scil.
939 4080 1096 4152 0611166)τό
1115 4089 1176 4150 φῶς
1198 4080 1300 4137 παλτὰ
1319 4085 1387 4153 λαμ-

208 4169 265 4240 πρὰ
283 4170 386 4226 πάντα.
423 4169 464 4224 Cf.
480 4171 549 4226 Dor.
565 4174 626 4237 sto,
641 4177 658 4224 4
672 4172 830 4242 Κλείδημος
848 4167 1047 4225 αἰσθάνεσθαί
1061 4186 1132 4239 φησι
1149 4175 1208 4232 τοῖς
1226 4169 1388 4241 ὀφθαλμοῖς

208 4256 294 4328 μόνον
313 4257 356 4314 bu
374 4260 535 4329 diaporesis.

296 4351 323 4417 λ)
342 4347 370 4401 h.
390 4365 412 4402 s.
431 4348 577 4418 pupulum.
616 4349 689 4404 Nam
712 4349 783 4405 ὴοθο
806 4351 851 4404 est
873 4347 1015 4422 βέλτιστον
1038 4347 1191 4418 ὀφθαλμοῦ
1215 4349 1266 4402 καί
1289 4339 1311 4419 ᾧ
1335 4349 1388 4426 top

207 4435 288 4493 Pluto
306 4435 396 4492 Alcib.
415 4438 492 4506 prior
510 4456 538 4507 p.
555 4443 606 4494 133
617 4437 648 4494 A.

260 4535 419 4590 wacuslsr,
434 4537 462 4576 ds
477 4537 618 4578 Alcmaeone
634 4538 774 4581 crotoniata.
1154 4533 1171 4582 4
