3358 5132
694 347 913 411 ,19-

220 504 395 590 scriptores
431 528 498 571 non
535 511 650 571 exstat.
695 505 798 571 Porro
836 507 1067 592 gravissimum
1103 510 1154 570 est
1192 503 1307 570 Galeni
1342 503 1390 592 (in

220 610 375 696 Hippocr.
404 613 443 677 de
470 617 536 677 nat.
567 613 653 677 hom.
676 611 738 676 XV
758 613 780 677 5
798 611 854 692 Κ.)
879 613 1117 677 testimonium:
1146 621 1282 676 τοιαῦτα
1309 611 1392 698 (scil.

219 719 490 803 philosophorum
514 720 610 784 modo
634 718 790 802 tractata)
819 719 931 804 εὕροις
953 718 995 784 ἂν
1018 719 1147 784 ἅπαντα
1170 719 1209 783 τὰ
1232 718 1307 801 περὶ
1329 720 1393 804 φύ-

220 843 301 901 σεως
324 825 587 912 ἐπιγεγραμμένα
613 829 726 910 βιβλία
754 837 820 890 τῶν
848 831 998 892 παλαιῶν
1022 827 1220 910 φιλοσόφων
1240 824 1394 910 Ἐμπεδο-

219 929 345 1013 κλέους,
366 934 593 1016 Παρμενίδου,
610 935 795 1015 Μελίσσου,
811 929 1042 1017 Ἀλκμαίωνος,
1056 929 1287 1014 Ἡρακλείτου·
1308 929 1395 1008 τινὲς

220 1033 257 1101 δέ
281 1038 341 1122 οὐχ
365 1039 402 1102 ἓν
423 1037 506 1103 ἀλλὰ
524 1040 661 1103 πλείονα
680 1040 793 1121 βιβλία
810 1047 868 1121 τῆς
885 1039 1031 1120 θεωρίας
1049 1035 1247 1120 ἐποιήσαντο
1266 1040 1395 1122 ταύτης.

310 1145 414 1220 Quem
428 1145 549 1209 librum
562 1144 705 1229 primum
724 1143 875 1208 derebus
892 1143 1037 1227 physicis
1055 1142 1089 1206 in
1109 1145 1215 1208 lucem
1234 1145 1393 1229 prodiisse

221 1249 384 1335 Diogenes
412 1251 562 1316 Laertius
570 1249 596 1336 1)
629 1255 662 1315 et
693 1250 842 1316 Clemens
871 1247 1143 1337 Alexandrinus²)
1175 1252 1393 1316 consentiunt.

221 1354 314 1431 Quod
333 1362 443 1441 aperte
462 1357 582 1422 falsum
601 1361 659 1422 est.
697 1355 782 1421 Nam
798 1355 1042 1439 Anaximandri,
1056 1355 1277 1440 Anaximenis,
1290 1357 1396 1422 Xeno-

219 1462 337 1547 phanis
360 1463 436 1528 libri
459 1463 668 1548 antiquiores.
717 1464 789 1539 Quo
817 1464 853 1526 in
875 1485 983 1529 errore
1012 1451 1202 1546 explicando
1230 1465 1277 1528 nil
1304 1466 1395 1528 iuvat

220 1591 280 1634 nos
299 1569 533 1656 Philippsonus
557 1567 654 1654 (Ὕλη
674 1569 822 1654 ἀνθρωπ.
841 1592 915 1656 pag.
937 1572 1010 1652 184,
1030 1568 1065 1653 3)
1085 1569 1219 1634 titulum
1238 1568 1313 1655 περὶ
1331 1573 1394 1655 φύ-

220 1693 302 1754 σεως
332 1678 474 1760 primum
506 1676 736 1742 Alcmaeonem
775 1676 979 1761 inscripsisse
1012 1680 1112 1740 ratus.
1159 1676 1272 1761 Neque
1308 1678 1394 1742 enim

220 1783 351 1848 dubium
377 1783 454 1869 quin
478 1784 560 1848 tales
583 1782 813 1867 inscriptiones
837 1787 955 1866 quarto
979 1784 1109 1848 demum
1133 1805 1160 1846 a.
1178 1782 1253 1848 chr.
1273 1805 1304 1846 n.
1328 1805 1395 1848 sae-

221 1892 293 1956 culo
317 1889 411 1954 libris
434 1890 508 1953 addi
528 1893 662 1974 coeptae
681 1889 756 1972 siut,
780 1910 845 1972 quo
868 1888 997 1953 facilius
1022 1889 1101 1974 quid
1122 1890 1203 1954 insit
1221 1910 1395 1975 cognosca-

220 2000 289 2076 tur3
311 2017 370 2061 nec
394 1995 514 2060 mirum
537 1995 624 2079 quod
647 1997 704 2079 qui
726 1995 935 2060 bibliothecis
954 1993 1198 2081 (Alexandrinis
1218 1996 1394 2082 imprimis)

220 2102 399 2187 praepositi
426 2106 520 2166 erant
550 2102 701 2167 omnibus
734 2103 789 2186 qui
822 2103 950 2167 easdem
981 2124 1032 2166 res
1065 2102 1270 2168 continerent
1301 2104 1394 2168 libris

221 2231 317 2294 quem
345 2208 574 2274 brevissimum
602 2209 792 2273 invenerant
820 2209 959 2274 indicem
985 2210 1121 2273 eundem
1150 2211 1394 2294 inscripserunt.

222 2313 439 2390 Quamobrem
458 2315 498 2380 τὰ
517 2326 585 2380 τῶν
602 2322 753 2381 παλαιῶν
771 2317 899 2381 ἅπαντα
913 2314 1133 2399 περὶφύσεως
1150 2315 1396 2401 ἐπιγέγραπται,

220 2422 260 2485 τδι
278 2425 465 2505 Μελίσσου,
487 2421 526 2486 rol
546 2424 774 2505 Παρμενίδου,
792 2423 831 2486 τὰ
847 2421 1105 2507 Ἐμπεδοκλέους
1121 2420 1341 2506 Ἀλκμαίωνος
1361 2447 1395 2489 τε

219 2525 274 2592 καί
297 2530 443 2612 Γοργίου
466 2525 521 2593 καί
545 2530 718 2612 Προδίκου
745 2526 800 2593 καὶ
828 2541 895 2594 τῶν
923 2530 1033 2594 ἄλλων
1057 2528 1213 2594 ἁπάντων
1237 2528 1394 2613 (Galenus

221 2635 255 2700 in
269 2633 367 2719 Hipp.
387 2635 425 2699 de
445 2657 539 2700 carne
559 2635 653 2700 1487
669 2632 734 2722 Κ.)
752 2673 796 2682 -
814 2636 884 2700 Alii
902 2633 956 2721 (ut
973 2635 1158 2702 Bruckerus
1181 2636 1257 2700 hist.
1277 2634 1395 2720 philos.

222 2740 292 2806 crit.
313 2741 326 2806 l
350 2739 449 2827 1131)
468 2744 506 2806 de
527 2742 652 2808 Italicis
671 2741 876 2827 philosophis
895 2743 994 2807 verba
1013 2742 1071 2808 illa
1094 2743 1306 2828 intelligenda
1325 2765 1395 2808 esse

221 2851 348 2933 putant,
372 2848 467 2913 obliti
486 2848 705 2933 Xenophenis.
749 2847 898 2914 Sittelius
922 2847 1011 2935 (ll.)
1033 2871 1151 2934 pamm
1173 2849 1396 2914 verisimiliter

221 2956 260 3020 de
288 2955 419 3038 scriptis
441 2955 724 3041 Pythagoreorum
751 2956 1002 3041 interpretatur,
1028 2957 1076 3020 ita
1104 2961 1141 3022 ut
1168 2957 1248 3021 haec
1275 2957 1395 3020 notitia

221 3061 351 3127 fluxerit
371 3085 388 3125 e
407 3062 491 3126 libro
512 3062 651 3145 quodam
665 3061 704 3125 de
720 3060 946 3146 Pythagoreae
961 3061 1151 3145 disciplinae
1167 3062 1391 3126 sectatoribus.

222 3167 267 3232 At
290 3167 360 3252 ipse
384 3167 547 3253 Diogenes
575 3190 641 3232 non
667 3188 733 3232 uno
761 3169 834 3232 loco
865 3166 962 3254 (VIII
984 3168 1025 3232 15
1054 3173 1088 3232 et
1111 3166 1168 3254 85)
1192 3168 1395 3232 Demetrium

221 3273 407 3360 Magnetem
440 3279 570 3340 secutus
602 3277 714 3358 aperte
745 3279 846 3360 negat
879 3279 955 3339 ante
984 3273 1167 3338 Philolaum
1199 3296 1393 3359 quemquam

221 3379 464 3467 Pythagoreum
477 3382 598 3446 librum
613 3381 768 3446 emisisse.
797 3379 900 3446 Porro
916 3403 1066 3465 perverse
1078 3379 1259 3446 Schoellius
1272 3380 1396 3466 (Gesclr.

220 3490 249 3552 ιλ.
264 3487 376 3570 pricclr.
396 3490 468 3554 tiu.
487 3486 605 3572 [1828]
630 3487 645 3551 I
665 3509 738 3572 pag.
754 3485 835 3573 436)
854 3489 997 3572 primum
1014 3488 1244 3552 Alcmaeonem
1263 3490 1301 3552 dc
1322 3511 1395 3552 aua·
1416 3479 1421 3492 ”

221 3595 325 3660 tomia
343 3595 511 3679 scripsisse
530 3598 639 3679 putat3
659 3616 755 3678 quem
774 3595 942 3680 redarguit
957 3593 1098 3659 Galenus
1117 3596 1156 3659 de
1176 3599 1261 3658 anat.
1277 3595 1394 3658 admin.

220 3700 252 3764 ll
272 3705 285 3765 l
306 3700 501 3788 (1128214.)
517 3704 706 3784 ἔμπροσθεν
722 3698 752 3765 δ’
770 3701 811 3766 οὐ
825 3703 931 3784 μόνον
945 3700 1161 3786 ἐγχειρήσεων
1176 3701 1396 3784 ἀνατομικῶν,

220 3805 293 3873 ἀλλ’
319 3805 397 3872 οὐδὲ
422 3807 685 3893 συγγραμμάτων
713 3805 819 3872 έδεῑτο
847 3808 1023 3889 τοιούτων,
1052 3808 1149 3873 ὁποία
1172 3813 1319 3892 Διοκλῆς
1347 3803 1394 3873 ὧν

311 4023 337 4088 1)
357 4019 375 4072 l.
390 4019 407 4072 l.
433 4021 516 4074 δοκεῖ
535 4014 566 4072 rt
590 4025 698 4086 πρῶτος
721 4016 843 4086 φυσικὸν
867 4014 950 4087 λόγον
973 4015 1199 4088 συγγεγραφέναι
1222 4017 1303 4073 καθά
1327 4037 1396 4088 φησι

222 4110 384 4182 Φαβωρῖνος
403 4103 434 4162 έν
452 4108 620 4177 παντοδαπῇ
641 4103 756 4181 λστορίᾳ.

311 4200 338 4268 t)
358 4196 593 4262 Strom.126,78
612 4194 649 4263 (ll
665 4201 699 4250 bb
714 4195 820 4263 Klotz):
838 4193 988 4264 Ἀλκμαίων
1006 4205 1075 4266 γοῦν
1092 4199 1220 4265 Περίθοο
1239 4194 1398 4269 Κροτωνιά-

220 4307 269 4356 της
291 4295 400 4357 πρῶτος
423 4285 544 4356 φυσικὸν
567 4283 649 4354 λόγον
677 4281 838 4350 συνέταξεν.
875 4284 916 4338 Ex
940 4302 972 4340 eo
995 4285 1189 4340 Theodoretus
1214 4286 1282 4350 (cur.
1306 4301 1399 4354 graec.

221 4377 311 4432 effect.
326 4393 390 4446 pag.
408 4382 440 4430 19
459 4373 600 4442 Gaisford)
620 4375 740 4444 sumpsit
763 4373 845 4428 haec:
868 4372 984 4444 Ἀλκμὰν
1007 4374 1022 4428 δ
1042 4370 1184 4444 Πειρίθου
1203 4374 1400 4442 Κροτωνιάτης

221 4463 254 4521 δν
272 4461 383 4536 πρῶτόν
401 4483 472 4535 φασι
491 4463 556 4534 περὶ
574 4461 685 4531 φύσιας
703 4460 931 4534 συγγεγραφέναι
949 4459 1040 4534 λόγον.

1149 4552 1186 4604 2*
