3358 5132
709 370 934 434 ...43..

235 529 383 598 invectus
402 533 452 594 est
472 527 691 615 Ps.·Hippocr.
712 529 751 596 de
769 530 871 615 princ.
893 530 935 596 15
955 527 1051 616 (VIII
1071 529 1137 596 603
1156 526 1219 616 L.):
1244 530 1312 595 εἰσί
1327 553 1415 606 τινες

235 641 270 704 οἳ
291 636 407 715 ἔλεξαν
430 637 534 721 φύσιν
557 635 805 722 ξογγριλφοντες
828 637 880 703 ὅτι
898 637 917 703 ὁ
937 635 1118 721 ἐγκέφαλός
1140 634 1231 702 ἐστιν
1255 623 1414 722 ὁῆχέοιν·

235 753 334 811 τοῦτο
353 740 391 810 ol
405 741 467 810 οὐκ
481 741 523 808 ἀν
537 741 676 826 γένοιτο.
709 743 783 828 lpse
797 743 909 828 paullo
924 747 1000 810 onte
1014 741 1056 831 (c.
1074 742 1115 808 15
1129 773 1172 796 =
1187 742 1269 809 VIII
1283 745 1347 810 602
1363 742 1413 830 L.)

236 850 360 932 ἀκούει,
379 850 498 934 inquit,
516 849 572 914 διά
586 849 675 915 τόδε·
694 851 735 915 cot
752 853 900 935 τρήματα
918 862 986 916 τῶν
1004 850 1136 918 οὐάτοιν
1154 853 1314 935 προσῆκει
1332 851 1415 935 πρὸς

236 955 352 1024 ὀστέον
379 957 526 1041 σκληρόν
548 979 583 1022 τε
610 953 665 1022 καὶ
693 955 795 1041 ξηρὸν
823 957 941 1042 ὅμοιον
969 961 1070 1046 coop-
1098 965 1195 1022 τοῦτο
1224 953 1262 1022 δὲ
1289 954 1415 1042 πέφυκε

236 1065 318 1150 πρὸς
346 1061 463 1130 ὀστέον
490 1067 646 1141 κοίλαισις
673 1063 904 1150 σηραγγώδης·
932 1065 969 1130 ολ
993 1061 1031 1130 ol
1057 1066 1162 1149 ψόφοι
1185 1062 1415 1148 ἀπερείδονται

237 1174 320 1258 πρὸς
341 1173 380 1237 τὸ
403 1174 563 1256 σκληρόν·
586 1173 624 1237 τὸ
643 1166 681 1236 δὲ
700 1168 816 1237 ὀστέον
835 1173 873 1237 τὸ
891 1175 1008 1238 κοῖλον
1026 1169 1141 1257 ἐιιηχεῑ
1162 1172 1219 1236 διὰ
1239 1177 1300 1236 τοῦ
1317 1176 1415 1254 σκλη-

236 1287 311 1364 ροῦ·
334 1278 373 1343 τὸ
397 1274 434 1343 δὲ
458 1275 563 1363 δέρμα
586 1280 624 1343 τὸ
642 1279 725 1365 πρὸς
748 1286 787 1363 τῆ
811 1277 894 1364 ἀκοῆ
916 1281 1000 1363 πρὸς
1021 1287 1067 1366 τῷ
1087 1277 1192 1367 ὀστέῳ
1214 1285 1259 1365 τῷ
1284 1283 1415 1366 σκληρῷ

237 1386 357 1450 λεπτόν
383 1382 453 1449 ἐστι
481 1383 592 1468 ὥσπερ
624 1382 801 1468 ἀράχνιον,
829 1383 1010 1469 ξηρότατον
1037 1392 1097 1450 τοῦ
1120 1385 1224 1450 ἀλλον
1247 1382 1416 1471 δέρματος.

237 1493 394 1576 τεκμήρια
422 1486 459 1555 δὲ
485 1491 593 1556 πολλοὶ
622 1489 672 1556 ὅτι
700 1489 881 1574 ξηρότατον
908 1490 984 1576 ῆχεῑ
1009 1491 1163 1575 μάλιστα·
1191 1491 1272 1558 ὅταν
1300 1488 1337 1556 δὲ
1361 1490 1414 1576 μέ-

237 1617 351 1683 γιστον
379 1599 500 1684 ἠχῆση,
527 1600 600 1664 τότε
627 1597 770 1683 μάλιστα
798 1595 972 1682 ἀκούομεν.
1019 1596 1213 1664 Simillimus
1235 1597 1339 1684 igitur
1361 1598 1416 1664 hic

238 1705 437 1790 Alcmaeoni,
455 1704 521 1769 nisi
537 1703 646 1770 differt
665 1726 703 1770 eo
724 1705 809 1790 quod
825 1705 957 1770 cerebro
973 1704 1143 1772 minimam
1162 1704 1280 1771 tribuit
1299 1726 1417 1791 cogno-

239 1813 347 1880 scendi
375 1809 612 1898 fucultntom¹);
642 1811 782 1877 similior
810 1816 925 1878 auctor
953 1812 992 1879 de
1020 1813 1144 1878 morbis
1167 1812 1201 1877 II
1225 1809 1309 1899 (cap.
1333 1814 1416 1877 4=

238 1919 302 1986 VII
323 1920 365 1985 10
374 1940 423 2004 sq
441 1916 493 2004 L.)
518 1919 574 2002 qui
597 1921 634 1984 τὸ
654 1920 736 1984 κατὰ
759 1920 796 1984 τὸ
816 1914 876 1997 οὖς
898 1921 1013 1986 κενεὸν
1037 1941 1153 1984 sonum
1177 1919 1305 1986 efficere
1329 1941 1415 1985 eum-

240 2049 302 2112 que
326 2025 458 2092 cerebro
461 2023 791 2130 ἐνσημαίνειν1
720 2027 801 2092 vult.

325 2151 440 2219 Liceat
425 2151 666 2238 tsubiungere
695 2151 784 2218 eliud
811 2151 1093 2238 fragmentumet
1121 2109 1231 2237 ipsum
1257 2152 1415 2218 accures

238 2261 414 2346 pertinens.

719 2377 852 2446 Frcgm.
875 2376 934 2433 Π.

327 2507 484 2576 Aristot
487 2508 609 2576 ‚hist
586 2513 692 2576 t.en
720 2508 801 2574 Ill
826 2531 910 2596 pag.
929 2510 995 2576 492
1019 2533 1039 2574 a
1066 2511 1120 2574 14:
1144 2508 1328 2640 Ἀλκραίων
1357 2508 1418 2575 οὐκ

228 2616 349 2703 ιἀληθῆ
373 2615 472 2701 λέγει,
495 2616 642 2702 φάμενος
664 2616 826 2682 ἀναπνεῖν
847 2617 907 2693 τὰς
929 2611 1025 2700 αἶγας
1048 2616 1130 2681 κατά
1152 2618 1193 2682 rol
1215 2610 1359 2683 ὦτα.-

330 2741 499 2808 Schulzius
531 2742 671 2827 proximi
704 2741 826 2806 saeculi
859 2742 1003 2806 medicus
1040 2741 1124 2806 hanc
1157 2742 1198 2807 ad
1231 2739 1418 2825 opinionem

240 2871 278 2916 eo
306 2850 475 2916 inductum
504 2870 574 2914 esse
602 2849 834 2914 Alcmaeonem
862 2850 1005 2934 putavit,
1036 2850 1121 2933 quod
1150 2852 1294 2914 mestum
1323 2848 1417 2912 illum

241 2958 386 3043 spoleto
407 2957 446 3022 ad
466 2957 553 3022 euris
573 2960 766 3041 tympanum
785 2957 967 3042 ducentem,
987 2978 1084 3041 quem
1096 2979 1157 3022 nos
1173 2957 1288 3022 tubam
1300 2955 1418 3020 Eusto-

241 3063 391 3130 chionum
415 3064 520 3129 dicere
549 3063 704 3147 solemus,
732 3055 1058 3148 animadvertisset.²)
1104 3063 1207 3129 Miror
1232 3064 1355 3128 multos
1386 3065 1419 3126 et

241 3172 447 3238 doctissimos
470 3171 558 3236 viros
587 3171 628 3234 ab
652 3170 721 3234 eius
746 3170 908 3235 sententie
937 3193 1004 3235 non
1028 3168 1234 3256 recessisse³)
1258 3170 1418 3257 graviter-

241 3301 303 3364 que
321 3279 521 3364 increpuisse
543 3277 763 3362 Aristotelem,
787 3277 843 3361 qui
868 3280 1012 3342 meatum
1036 3277 1131 3341 illum
1154 3301 1174 3342 ο.
1192 3299 1226 3342 se
1250 3277 1418 3342 inventum

242 3410 312 3452 esse
331 3386 452 3472 perfide
472 3385 669 3470 gloriaretur
689 3383 780 3470 (hist.
799 3407 849 3448 en
868 3383 885 3448 Ι
906 3384 945 3448 11
967 3408 996 3469 p.
1013 3385 1079 3449 492
1098 3407 1118 3450 o
1138 3386 1193 3450 19:
1216 3394 1314 3450 τοῦτο
1336 3380 1419 3468 [scil.

244 3533 455 3542 -.——--—----

241 3620 321 3674 roob
337 3621 382 3687 13)
400 3617 432 3672 τὸ
451 3615 574 3672 ὄπισθεν
598 3614 669 3684 (scil.
688 3622 737 3683 τῆς
755 3616 891 3684 κεφαλῆς)
916 3615 968 3669 οὐκ
993 3611 1051 3684 ἔχει
1069 3611 1227 3684 ἐγκέφαλον
1249 3612 1336 3669 lulius
1358 3614 1420 3667 tum

241 3705 357 3764 diffusus
375 3723 452 3762 error
469 3705 555 3761 fuisso
574 3709 650 3776 (pag.
665 3709 726 3772 511,
742 3707 778 3773 7).

331 3801 357 3866 1)
375 3812 442 3866 pag.
462 3799 559 3864 ow
583 3798 668 3850 δοκεῖ
686 3791 718 3847 δέ
738 3813 785 3864 μοι
809 3790 824 3847 ὃ
843 3791 980 3864 καλέομεν
998 3793 1108 3864 θερμδν
1129 3791 1281 3849 ἀθάνατόν
1299 3809 1328 3848 τε
1348 3788 1422 3848 εἶναι

240 3887 290 3944 col
307 3893 385 3943 νοεῖν
403 3883 498 3940 πάντα
516 3884 566 3940 nol
579 3884 650 3955 ὁρῆν
666 3882 715 3938 nort
729 3883 847 3939 ἀκούειν
866 3883 929 3938 coll.
944 3901 1009 3954 pag.
1025 3889 1086 3952 588,
1103 3889 1136 3938 14
1155 3883 1171 3940 δ
1190 3877 1345 3953 ἐγκέφαλός
1364 3878 1421 3934 ἐστι

241 3974 408 4048 μητρόπολις
421 3982 471 4028 τοῦ
485 3983 607 4044 ψυχροῦ.
635 3975 743 4029 Temen
761 3991 785 4030 c.
802 3978 835 4028 16
850 3977 925 4042 (pag.
942 3977 1005 4042 ool,
1019 3975 1047 4043 9)
1063 3972 1250 4044 ἀσφροιίνεται
1263 3969 1291 4027 δ’
1308 3970 1324 4025 δ
1343 3965 1422 4040 ἐγκέ-

242 4069 331 4136 φαλος
348 4063 432 4135 ὑγρὸς
451 4058 505 4117 lon
525 4063 609 4127 αὐτὸς
626 4071 682 4118 τῶν
701 4063 801 4132 ξηρῶν.

331 4159 360 4224 1)
380 4151 612 4208 schulze-libelle
631 4151 904 4220 hist.unut.spec.1
924 4151 1035 4220 (Altorfi
1057 4155 1144 4221 1711).

332 4245 359 4314 8)
378 4242 463 4296 Kuhn
487 4243 592 4310 (opusc.
612 4242 684 4297 med.
710 4243 739 4296 ot
757 4240 826 4310 phil.
844 4240 857 4294 I
878 4244 911 4294 70
930 4239 1004 4310 Lips.
1026 4243 1118 4308 1827),
1140 4238 1251 4294 Hector
1270 4237 1375 4306 (Gcsct.
1394 4239 1422 4294 δ.

242 4333 399 4388 Ηιιλλιιειδτ
411 4347 477 4400 pag.
488 4333 543 4399 78),
558 4332 664 4387 Haeret
673 4329 780 4400 (Gcsct.
791 4331 818 4386 δ.
830 4331 906 4386 Μιδ.
921 4347 985 4400 peg.
997 4332 1051 4398 81),
1068 4329 1228 4384 Holmreich
1244 4329 1285 4398 (in
1299 4326 1423 4382 Hirschii

240 4421 365 4478 Lecikon
384 4421 412 4474 δ.
431 4421 691 4490 λιτοοτταριιεδατν
708 4409 791 4475 Arcto
809 4436 830 4473 ε.
846 4437 871 4474 v.
888 4418 1060 4486 Alcmaeon),
1079 4416 1192 4472 Ιιεοιεε
1211 4417 1377 4485 (Grundre'fs
1395 4417 1422 4473 δ.

240 4511 347 4568 Natur-
365 4527 394 4566 ιι.
409 4508 567 4566 Heremo
584 4528 650 4582 ρος.
665 4513 701 4578 λ).
