<?xml version="1.0" encoding="UTF-8"?>
<!DOCTYPE html PUBLIC "-//W3C//DTD XHTML 1.0 Transitional//EN"
    "http://www.w3.org/TR/xhtml1/DTD/xhtml1-transitional.dtd">
<html xmlns="http://www.w3.org/1999/xhtml" xml:lang="en" lang="en">
 <head>
  <title>
</title>
<meta http-equiv="Content-Type" content="text/html;charset=utf-8" />
  <meta name='ocr-system' content='tesseract 3.04.00' />
  <meta name='ocr-capabilities' content='ocr_page ocr_carea ocr_par ocr_line ocrx_word'/>
</head>
<body>
  <div class='ocr_page' id='page_1' title='image "./dealcmaeonecrot00wachgoog_0037.png"; bbox 0 0 3358 5132; ppageno 0'>
   <div class='ocr_carea' id='block_1_1' title="bbox 785 338 1004 401">
    <p class='ocr_par' dir='ltr' id='par_1_1' title="bbox 785 338 1004 401">
     <span class='ocr_line' id='line_1_1' title="bbox 785 338 1004 401; baseline -0.005 -19"><span class='ocrx_word' id='word_1_1' title='bbox 785 338 1004 401; x_wconf 73' lang='lat'><strong>..32-</strong></span> 
     </span>
    </p>
   </div>
   <div class='ocr_carea' id='block_1_2' title="bbox 307 494 1485 1858">
    <p class='ocr_par' dir='ltr' id='par_1_2' title="bbox 307 494 1485 1858">
     <span class='ocr_line' id='line_1_2' title="bbox 307 494 1485 581; baseline 0.001 -22"><span class='ocrx_word' id='word_1_2' title='bbox 307 496 426 560; x_wconf 90' lang='lat' dir='ltr'><strong>addere</strong></span> <span class='ocrx_word' id='word_1_3' title='bbox 450 495 560 580; x_wconf 92' lang='lat' dir='ltr'><strong>potnit</strong></span> <span class='ocrx_word' id='word_1_4' title='bbox 580 494 635 580; x_wconf 87' lang='lat' dir='ltr'><strong>(of.</strong></span> <span class='ocrx_word' id='word_1_5' title='bbox 653 517 727 581; x_wconf 82' lang='lat' dir='ltr'><strong>pag.</strong></span> <span class='ocrx_word' id='word_1_6' title='bbox 747 494 794 581; x_wconf 78' lang='lat'><strong>6),</strong></span> <span class='ocrx_word' id='word_1_7' title='bbox 817 518 1014 580; x_wconf 89' lang='lat' dir='ltr'><strong>quamquam</strong></span> <span class='ocrx_word' id='word_1_8' title='bbox 1028 495 1275 581; x_wconf 84' lang='lat' dir='ltr'><strong>&#39;l&#39;heophrasteo</strong></span> <span class='ocrx_word' id='word_1_9' title='bbox 1294 517 1391 581; x_wconf 91' lang='lat' dir='ltr'><strong>opere</strong></span> <span class='ocrx_word' id='word_1_10' title='bbox 1410 520 1485 561; x_wconf 92' lang='lat' dir='ltr'><strong>eum</strong></span> 
     </span>
     <span class='ocr_line' id='line_1_3' title="bbox 310 600 1483 687; baseline 0.001 -21"><span class='ocrx_word' id='word_1_11' title='bbox 310 625 405 666; x_wconf 88' lang='lat' dir='ltr'><strong>usum</strong></span> <span class='ocrx_word' id='word_1_12' title='bbox 423 625 494 666; x_wconf 91' lang='lat' dir='ltr'><strong>esse</strong></span> <span class='ocrx_word' id='word_1_13' title='bbox 514 607 653 666; x_wconf 89' lang='lat' dir='ltr'><strong>constat.</strong></span> <span class='ocrx_word' id='word_1_14' title='bbox 692 600 755 666; x_wconf 85' lang='lat' dir='ltr'><strong>Sed</strong></span> <span class='ocrx_word' id='word_1_15' title='bbox 773 604 843 687; x_wconf 90' lang='lat' dir='ltr'><strong>ipse</strong></span> <span class='ocrx_word' id='word_1_16' title='bbox 858 603 1103 687; x_wconf 71' lang='lat' dir='ltr'><strong>Theophrastus</strong></span> <span class='ocrx_word' id='word_1_17' title='bbox 1122 603 1162 666; x_wconf 93' lang='lat' dir='ltr'><strong>de</strong></span> <span class='ocrx_word' id='word_1_18' title='bbox 1181 603 1378 667; x_wconf 78' lang='lat' dir='ltr'><strong>Alcmaeone</strong></span> <span class='ocrx_word' id='word_1_19' title='bbox 1397 603 1483 668; x_wconf 91' lang='lat' dir='ltr'><strong>haud</strong></span> 
     </span>
     <span class='ocr_line' id='line_1_4' title="bbox 310 707 1484 795; baseline 0.002 -23"><span class='ocrx_word' id='word_1_20' title='bbox 310 709 379 772; x_wconf 91' lang='lat' dir='ltr'><strong>scio</strong></span> <span class='ocrx_word' id='word_1_21' title='bbox 402 731 444 772; x_wconf 90' lang='lat' dir='ltr'><strong>an</strong></span> <span class='ocrx_word' id='word_1_22' title='bbox 462 708 568 773; x_wconf 79' lang='lat' dir='ltr'><strong>fusius</strong></span> <span class='ocrx_word' id='word_1_23' title='bbox 588 710 689 774; x_wconf 80' lang='lat' dir='ltr'><strong>verba</strong></span> <span class='ocrx_word' id='word_1_24' title='bbox 710 731 777 773; x_wconf 93' lang='lat' dir='ltr'><strong>non</strong></span> <span class='ocrx_word' id='word_1_25' title='bbox 794 707 950 795; x_wconf 88' lang='lat' dir='ltr'><strong>fecerit.¹)</strong></span> <span class='ocrx_word' id='word_1_26' title='bbox 987 709 1026 772; x_wconf 95' lang='lat' dir='ltr'><strong>ln</strong></span> <span class='ocrx_word' id='word_1_27' title='bbox 1043 713 1204 774; x_wconf 86' lang='lat' dir='ltr'><strong>tractatus</strong></span> <span class='ocrx_word' id='word_1_28' title='bbox 1222 709 1262 772; x_wconf 90' lang='lat' dir='ltr'><strong>de</strong></span> <span class='ocrx_word' id='word_1_29' title='bbox 1282 731 1380 774; x_wconf 87' lang='lat' dir='ltr'><strong>sensu</strong></span> <span class='ocrx_word' id='word_1_30' title='bbox 1397 714 1484 774; x_wconf 88' lang='lat' dir='ltr'><strong>certe</strong></span> 
     </span>
     <span class='ocr_line' id='line_1_5' title="bbox 310 815 1485 901; baseline 0.003 -23"><span class='ocrx_word' id='word_1_31' title='bbox 310 815 457 899; x_wconf 91' lang='lat' dir='ltr'><strong>reliquiis</strong></span> <span class='ocrx_word' id='word_1_32' title='bbox 480 816 673 880; x_wconf 82' lang='lat' dir='ltr'><strong>brevissime</strong></span> <span class='ocrx_word' id='word_1_33' title='bbox 697 817 736 879; x_wconf 93' lang='lat' dir='ltr'><strong>de</strong></span> <span class='ocrx_word' id='word_1_34' title='bbox 760 839 798 880; x_wconf 90' lang='lat' dir='ltr'><strong>eo</strong></span> <span class='ocrx_word' id='word_1_35' title='bbox 822 816 951 880; x_wconf 90' lang='lat' dir='ltr'><strong>locutus</strong></span> <span class='ocrx_word' id='word_1_36' title='bbox 972 838 1014 880; x_wconf 90' lang='lat' dir='ltr'><strong>ne</strong></span> <span class='ocrx_word' id='word_1_37' title='bbox 1033 815 1238 881; x_wconf 78' lang='lat' dir='ltr'><strong>recensendis</strong></span> <span class='ocrx_word' id='word_1_38' title='bbox 1262 816 1393 899; x_wconf 91' lang='lat' dir='ltr'><strong>quidem</strong></span> <span class='ocrx_word' id='word_1_39' title='bbox 1416 819 1485 901; x_wconf 87' lang='lat' dir='ltr'><strong>pla·</strong></span> 
     </span>
     <span class='ocr_line' id='line_1_6' title="bbox 307 922 1483 1007; baseline -0.001 -19"><span class='ocrx_word' id='word_1_40' title='bbox 307 923 382 988; x_wconf 88' lang='lat' dir='ltr'><strong>citis</strong></span> <span class='ocrx_word' id='word_1_41' title='bbox 414 923 483 986; x_wconf 90' lang='lat' dir='ltr'><strong>eius</strong></span> <span class='ocrx_word' id='word_1_42' title='bbox 516 923 693 1006; x_wconf 85' lang='lat' dir='ltr'><strong>quidquam</strong></span> <span class='ocrx_word' id='word_1_43' title='bbox 726 945 842 1007; x_wconf 87' lang='lat' dir='ltr'><strong>operae</strong></span> <span class='ocrx_word' id='word_1_44' title='bbox 870 922 1001 1003; x_wconf 90' lang='lat' dir='ltr'><strong>tribuit,</strong></span> <span class='ocrx_word' id='word_1_45' title='bbox 1035 943 1098 1005; x_wconf 93' lang='lat' dir='ltr'><strong>quo</strong></span> <span class='ocrx_word' id='word_1_46' title='bbox 1131 923 1245 986; x_wconf 90' lang='lat' dir='ltr'><strong>labore</strong></span> <span class='ocrx_word' id='word_1_47' title='bbox 1278 944 1355 986; x_wconf 86' lang='lat' dir='ltr'><strong>cave</strong></span> <span class='ocrx_word' id='word_1_48' title='bbox 1386 928 1483 1007; x_wconf 91' lang='lat' dir='ltr'><strong>putes</strong></span> 
     </span>
     <span class='ocr_line' id='line_1_7' title="bbox 307 1028 1483 1113; baseline 0.002 -21"><span class='ocrx_word' id='word_1_49' title='bbox 307 1029 429 1094; x_wconf 86' lang='lat' dir='ltr'><strong>idcirco</strong></span> <span class='ocrx_word' id='word_1_50' title='bbox 451 1051 527 1092; x_wconf 94' lang='lat' dir='ltr'><strong>eum</strong></span> <span class='ocrx_word' id='word_1_51' title='bbox 552 1029 787 1112; x_wconf 78' lang='lat' dir='ltr'><strong>supersedisse,</strong></span> <span class='ocrx_word' id='word_1_52' title='bbox 815 1029 903 1111; x_wconf 91' lang='lat' dir='ltr'><strong>quod</strong></span> <span class='ocrx_word' id='word_1_53' title='bbox 925 1028 1133 1093; x_wconf 87' lang='lat' dir='ltr'><strong>Alcmaeonis</strong></span> <span class='ocrx_word' id='word_1_54' title='bbox 1161 1029 1293 1093; x_wconf 90' lang='lat' dir='ltr'><strong>decreta</strong></span> <span class='ocrx_word' id='word_1_55' title='bbox 1319 1031 1483 1113; x_wconf 87' lang='lat' dir='ltr'><strong>probaret,</strong></span> 
     </span>
     <span class='ocr_line' id='line_1_8' title="bbox 307 1133 1484 1220; baseline 0.001 -21"><span class='ocrx_word' id='word_1_56' title='bbox 307 1136 410 1199; x_wconf 91' lang='lat' dir='ltr'><strong>immo</strong></span> <span class='ocrx_word' id='word_1_57' title='bbox 428 1135 516 1199; x_wconf 92' lang='lat' dir='ltr'><strong>edito</strong></span> <span class='ocrx_word' id='word_1_58' title='bbox 538 1135 728 1199; x_wconf 88' lang='lat' dir='ltr'><strong>Aristotelis</strong></span> <span class='ocrx_word' id='word_1_59' title='bbox 750 1135 809 1199; x_wconf 94' lang='lat' dir='ltr'><strong>illo</strong></span> <span class='ocrx_word' id='word_1_60' title='bbox 833 1141 948 1199; x_wconf 88' lang='lat' dir='ltr'><strong>contra</strong></span> <span class='ocrx_word' id='word_1_61' title='bbox 965 1133 1199 1199; x_wconf 89' lang='lat' dir='ltr'><strong>Alcmaeonem</strong></span> <span class='ocrx_word' id='word_1_62' title='bbox 1216 1135 1304 1200; x_wconf 92' lang='lat' dir='ltr'><strong>libro</strong></span> <span class='ocrx_word' id='word_1_63' title='bbox 1326 1137 1484 1220; x_wconf 77' lang='lat' dir='ltr'><strong>peculiari</strong></span> 
     </span>
     <span class='ocr_line' id='line_1_9' title="bbox 307 1241 1482 1327; baseline 0.003 -23"><span class='ocrx_word' id='word_1_64' title='bbox 307 1263 439 1324; x_wconf 88' lang='lat' dir='ltr'><strong>operam</strong></span> <span class='ocrx_word' id='word_1_65' title='bbox 466 1246 564 1324; x_wconf 86' lang='lat' dir='ltr'><strong>atque</strong></span> <span class='ocrx_word' id='word_1_66' title='bbox 588 1241 696 1305; x_wconf 90' lang='lat' dir='ltr'><strong>oleum</strong></span> <span class='ocrx_word' id='word_1_67' title='bbox 725 1264 759 1306; x_wconf 94' lang='lat' dir='ltr'><strong>se</strong></span> <span class='ocrx_word' id='word_1_68' title='bbox 782 1242 985 1325; x_wconf 92' lang='lat' dir='ltr'><strong>perditurum</strong></span> <span class='ocrx_word' id='word_1_69' title='bbox 1005 1264 1075 1306; x_wconf 91' lang='lat' dir='ltr'><strong>esse</strong></span> <span class='ocrx_word' id='word_1_70' title='bbox 1103 1242 1241 1325; x_wconf 84' lang='lat' dir='ltr'><strong>putavit</strong></span> <span class='ocrx_word' id='word_1_71' title='bbox 1288 1241 1373 1317; x_wconf 83' lang='lat' dir='ltr'><strong>Quid</strong></span> <span class='ocrx_word' id='word_1_72' title='bbox 1397 1244 1482 1327; x_wconf 91' lang='lat' dir='ltr'><strong>quod</strong></span> 
     </span>
     <span class='ocr_line' id='line_1_10' title="bbox 307 1347 1482 1431; baseline 0.003 -20"><span class='ocrx_word' id='word_1_73' title='bbox 307 1349 406 1411; x_wconf 87' lang='lat' dir='ltr'><strong>etiarn</strong></span> <span class='ocrx_word' id='word_1_74' title='bbox 431 1369 470 1412; x_wconf 87' lang='lat' dir='ltr'><strong>ea</strong></span> <span class='ocrx_word' id='word_1_75' title='bbox 497 1370 579 1431; x_wconf 91' lang='lat' dir='ltr'><strong>qnae</strong></span> <span class='ocrx_word' id='word_1_76' title='bbox 608 1371 648 1412; x_wconf 89' lang='lat' dir='ltr'><strong>ex</strong></span> <span class='ocrx_word' id='word_1_77' title='bbox 672 1347 796 1413; x_wconf 89' lang='lat' dir='ltr'><strong>Galeno</strong></span> <span class='ocrx_word' id='word_1_78' title='bbox 824 1348 924 1411; x_wconf 89' lang='lat' dir='ltr'><strong>attuli</strong></span> <span class='ocrx_word' id='word_1_79' title='bbox 951 1349 990 1412; x_wconf 91' lang='lat' dir='ltr'><strong>de</strong></span> <span class='ocrx_word' id='word_1_80' title='bbox 1014 1348 1210 1413; x_wconf 85' lang='lat' dir='ltr'><strong>Alcmaeone</strong></span> <span class='ocrx_word' id='word_1_81' title='bbox 1234 1347 1322 1412; x_wconf 89' lang='lat' dir='ltr'><strong>dicta</strong></span> <span class='ocrx_word' id='word_1_82' title='bbox 1348 1349 1482 1414; x_wconf 90' lang='lat' dir='ltr'><strong>minime</strong></span> 
     </span>
     <span class='ocr_line' id='line_1_11' title="bbox 307 1454 1483 1540; baseline 0.003 -23"><span class='ocrx_word' id='word_1_83' title='bbox 307 1455 449 1538; x_wconf 88' lang='lat' dir='ltr'><strong>probant</strong></span> <span class='ocrx_word' id='word_1_84' title='bbox 478 1454 597 1519; x_wconf 91' lang='lat' dir='ltr'><strong>librum</strong></span> <span class='ocrx_word' id='word_1_85' title='bbox 632 1455 721 1518; x_wconf 92' lang='lat' dir='ltr'><strong>illius</strong></span> <span class='ocrx_word' id='word_1_86' title='bbox 749 1455 900 1519; x_wconf 88' lang='lat' dir='ltr'><strong>manibus</strong></span> <span class='ocrx_word' id='word_1_87' title='bbox 927 1454 1166 1540; x_wconf 82' lang='lat' dir='ltr'><strong>Pergamenum</strong></span> <span class='ocrx_word' id='word_1_88' title='bbox 1195 1455 1376 1519; x_wconf 85' lang='lat' dir='ltr'><strong>tractasse?</strong></span> <span class='ocrx_word' id='word_1_89' title='bbox 1423 1457 1483 1521; x_wconf 89' lang='lat' dir='ltr'><strong>Ac-</strong></span> 
     </span>
     <span class='ocr_line' id='line_1_12' title="bbox 307 1558 1484 1645; baseline 0.002 -21"><span class='ocrx_word' id='word_1_90' title='bbox 307 1562 393 1625; x_wconf 85' lang='lat' dir='ltr'><strong>cedit</strong></span> <span class='ocrx_word' id='word_1_91' title='bbox 407 1561 494 1645; x_wconf 90' lang='lat' dir='ltr'><strong>quod</strong></span> <span class='ocrx_word' id='word_1_92' title='bbox 507 1561 581 1626; x_wconf 92' lang='lat' dir='ltr'><strong>loco</strong></span> <span class='ocrx_word' id='word_1_93' title='bbox 595 1561 654 1625; x_wconf 90' lang='lat' dir='ltr'><strong>illo</strong></span> <span class='ocrx_word' id='word_1_94' title='bbox 670 1561 861 1642; x_wconf 84' lang='lat' dir='ltr'><strong>clarissimo,</strong></span> <span class='ocrx_word' id='word_1_95' title='bbox 880 1583 945 1644; x_wconf 94' lang='lat' dir='ltr'><strong>quo</strong></span> <span class='ocrx_word' id='word_1_96' title='bbox 960 1561 1097 1625; x_wconf 86' lang='lat' dir='ltr'><strong>Rhodiis</strong></span> <span class='ocrx_word' id='word_1_97' title='bbox 1113 1558 1190 1625; x_wconf 90' lang='lat' dir='ltr'><strong>Cois</strong></span> <span class='ocrx_word' id='word_1_98' title='bbox 1206 1558 1330 1626; x_wconf 89' lang='lat' dir='ltr'><strong>Cnidiis</strong></span> <span class='ocrx_word' id='word_1_99' title='bbox 1349 1563 1484 1628; x_wconf 90' lang='lat' dir='ltr'><strong>medicis</strong></span> 
     </span>
     <span class='ocr_line' id='line_1_13' title="bbox 308 1665 1483 1753; baseline 0.002 -22"><span class='ocrx_word' id='word_1_100' title='bbox 308 1668 440 1732; x_wconf 89' lang='lat' dir='ltr'><strong>Italicos</strong></span> <span class='ocrx_word' id='word_1_101' title='bbox 469 1665 549 1753; x_wconf 84' lang='lat' dir='ltr'><strong>(quo</strong></span> <span class='ocrx_word' id='word_1_102' title='bbox 577 1668 708 1731; x_wconf 91' lang='lat' dir='ltr'><strong>nomine</strong></span> <span class='ocrx_word' id='word_1_103' title='bbox 737 1672 771 1731; x_wconf 89' lang='lat' dir='ltr'><strong>et</strong></span> <span class='ocrx_word' id='word_1_104' title='bbox 799 1666 927 1732; x_wconf 85' lang='lat' dir='ltr'><strong>Siculos</strong></span> <span class='ocrx_word' id='word_1_105' title='bbox 955 1672 990 1731; x_wconf 92' lang='lat' dir='ltr'><strong>et</strong></span> <span class='ocrx_word' id='word_1_106' title='bbox 1015 1667 1224 1732; x_wconf 88' lang='lat' dir='ltr'><strong>Crotoniatas</strong></span> <span class='ocrx_word' id='word_1_107' title='bbox 1254 1670 1483 1753; x_wconf 88' lang='lat' dir='ltr'><strong>comprehendi</strong></span> 
     </span>
     <span class='ocr_line' id='line_1_14' title="bbox 309 1771 1484 1858; baseline 0.002 -20"><span class='ocrx_word' id='word_1_108' title='bbox 309 1797 406 1858; x_wconf 87' lang='lat' dir='ltr'><strong>posse</strong></span> <span class='ocrx_word' id='word_1_109' title='bbox 430 1795 507 1838; x_wconf 90' lang='lat' dir='ltr'><strong>sane</strong></span> <span class='ocrx_word' id='word_1_110' title='bbox 526 1777 577 1837; x_wconf 91' lang='lat' dir='ltr'><strong>est</strong></span> <span class='ocrx_word' id='word_1_111' title='bbox 600 1772 854 1858; x_wconf 88' lang='lat' dir='ltr'><strong>eoncedendum)</strong></span> <span class='ocrx_word' id='word_1_112' title='bbox 879 1774 1025 1857; x_wconf 84' lang='lat' dir='ltr'><strong>opponit,</strong></span> <span class='ocrx_word' id='word_1_113' title='bbox 1050 1771 1176 1838; x_wconf 84' lang='lat' dir='ltr'><strong>Siculae</strong></span> <span class='ocrx_word' id='word_1_114' title='bbox 1200 1777 1329 1839; x_wconf 83' lang='lat' dir='ltr'><strong>tantum</strong></span> <span class='ocrx_word' id='word_1_115' title='bbox 1352 1776 1484 1840; x_wconf 89' lang='lat' dir='ltr'><strong>scholae</strong></span> 
     </span>
    </p>
   </div>
   <div class='ocr_carea' id='block_1_3' title="bbox 309 1879 1583 1967">
    <p class='ocr_par' dir='ltr' id='par_1_3' title="bbox 309 1879 1583 1967">
     <span class='ocr_line' id='line_1_15' title="bbox 309 1879 1583 1967; baseline 0 -21"><span class='ocrx_word' id='word_1_116' title='bbox 309 1883 451 1946; x_wconf 86' lang='lat' dir='ltr'><strong>asseclas</strong></span> <span class='ocrx_word' id='word_1_117' title='bbox 473 1883 591 1966; x_wconf 85' lang='lat' dir='ltr'><strong>dignos</strong></span> <span class='ocrx_word' id='word_1_118' title='bbox 615 1885 726 1946; x_wconf 90' lang='lat' dir='ltr'><strong>censet</strong></span> <span class='ocrx_word' id='word_1_119' title='bbox 749 1904 888 1965; x_wconf 90' lang='lat' dir='ltr'><strong>qnorum</strong></span> <span class='ocrx_word' id='word_1_120' title='bbox 911 1882 1046 1946; x_wconf 87' lang='lat' dir='ltr'><strong>nomina</strong></span> <span class='ocrx_word' id='word_1_121' title='bbox 1069 1881 1184 1945; x_wconf 85' lang='lat' dir='ltr'><strong>afferat</strong></span> <span class='ocrx_word' id='word_1_122' title='bbox 1208 1879 1262 1967; x_wconf 88' lang='lat' dir='ltr'><strong>(de</strong></span> <span class='ocrx_word' id='word_1_123' title='bbox 1282 1882 1381 1946; x_wconf 87' lang='lat' dir='ltr'><strong>meth</strong></span> <span class='ocrx_word' id='word_1_124' title='bbox 1401 1884 1483 1946; x_wconf 87' lang='lat' dir='ltr'><strong>med.</strong></span> <span class='ocrx_word' id='word_1_125' title='bbox 1581 1909 1583 1914; x_wconf 95' lang='lat'>·</span> 
     </span>
    </p>
   </div>
   <div class='ocr_carea' id='block_1_4' title="bbox 305 1984 1486 4100">
    <p class='ocr_par' dir='ltr' id='par_1_4' title="bbox 305 1984 1486 4100">
     <span class='ocr_line' id='line_1_16' title="bbox 307 1984 1485 2074; baseline 0.001 -22"><span class='ocrx_word' id='word_1_126' title='bbox 307 1989 324 2052; x_wconf 95' lang='lat' dir='ltr'>I</span> <span class='ocrx_word' id='word_1_127' title='bbox 346 1992 362 2052; x_wconf 94' lang='lat' dir='ltr'><strong>l</strong></span> <span class='ocrx_word' id='word_1_128' title='bbox 384 2019 427 2041; x_wconf 92' lang='lat'><em>=</em></span> <span class='ocrx_word' id='word_1_129' title='bbox 447 1987 477 2051; x_wconf 86' lang='lat' dir='ltr'>X</span> <span class='ocrx_word' id='word_1_130' title='bbox 496 1986 601 2074; x_wconf 83' lang='lat' dir='ltr'>5K.):</span> <span class='ocrx_word' id='word_1_131' title='bbox 629 1986 683 2052; x_wconf 86' lang='grc' dir='ltr'><strong>καλ</strong></span> <span class='ocrx_word' id='word_1_132' title='bbox 711 1992 862 2070; x_wconf 78' lang='grc' dir='ltr'><strong><em>πρόσθεν</em></strong></span> <span class='ocrx_word' id='word_1_133' title='bbox 884 1985 946 2071; x_wconf 77' lang='grc' dir='ltr'><strong>μὲν</strong></span> <span class='ocrx_word' id='word_1_134' title='bbox 969 1991 1037 2072; x_wconf 82' lang='grc' dir='ltr'><em>ἔρις</em></span> <span class='ocrx_word' id='word_1_135' title='bbox 1064 1984 1107 2070; x_wconf 81' lang='grc' dir='ltr'><strong>ἦν</strong></span> <span class='ocrx_word' id='word_1_136' title='bbox 1134 1989 1175 2052; x_wconf 86' lang='grc' dir='ltr'><strong>οὐ</strong></span> <span class='ocrx_word' id='word_1_137' title='bbox 1201 1989 1323 2071; x_wconf 83' lang='grc' dir='ltr'><em>σμικρὰ</em></span> <span class='ocrx_word' id='word_1_138' title='bbox 1351 1998 1485 2072; x_wconf 82' lang='grc' dir='ltr'><em>νικῆσαι</em></span> 
     </span>
     <span class='ocr_line' id='line_1_17' title="bbox 307 2094 1483 2182; baseline -0.001 -22"><span class='ocrx_word' id='word_1_139' title='bbox 307 2105 353 2182; x_wconf 73' lang='grc' dir='ltr'><strong>τῷ</strong></span> <span class='ocrx_word' id='word_1_140' title='bbox 377 2098 500 2178; x_wconf 79' lang='grc' dir='ltr'><em>πλήθει</em></span> <span class='ocrx_word' id='word_1_141' title='bbox 525 2107 590 2159; x_wconf 85' lang='grc' dir='ltr'><strong>τῶν</strong></span> <span class='ocrx_word' id='word_1_142' title='bbox 612 2095 808 2178; x_wconf 77' lang='grc' dir='ltr'><em>εὑρημάτων</em></span> <span class='ocrx_word' id='word_1_143' title='bbox 831 2094 996 2176; x_wconf 73' lang='grc' dir='ltr'><strong>ἀλλήλους</strong></span> <span class='ocrx_word' id='word_1_144' title='bbox 1019 2094 1254 2177; x_wconf 84' lang='grc' dir='ltr'><em>ὀριγνωμεύων</em></span> <span class='ocrx_word' id='word_1_145' title='bbox 1278 2105 1344 2159; x_wconf 83' lang='grc' dir='ltr'><strong>τῶν</strong></span> <span class='ocrx_word' id='word_1_146' title='bbox 1368 2095 1405 2159; x_wconf 83' lang='grc' dir='ltr'><strong>ἐν</strong></span> <span class='ocrx_word' id='word_1_147' title='bbox 1424 2099 1483 2182; x_wconf 79' lang='grc' dir='ltr'><strong>Κῷ</strong></span> 
     </span>
     <span class='ocr_line' id='line_1_18' title="bbox 306 2196 1484 2288; baseline 0 -22"><span class='ocrx_word' id='word_1_148' title='bbox 306 2201 360 2266; x_wconf 80' lang='grc' dir='ltr'><strong>καὶ</strong></span> <span class='ocrx_word' id='word_1_149' title='bbox 389 2203 519 2288; x_wconf 77' lang='grc' dir='ltr'><em>Κνίδῳ·</em></span> <span class='ocrx_word' id='word_1_150' title='bbox 551 2203 663 2265; x_wconf 75' lang='grc' dir='ltr'><em>διττὸν</em></span> <span class='ocrx_word' id='word_1_151' title='bbox 695 2202 758 2284; x_wconf 77' lang='grc' dir='ltr'><strong>γὰρ</strong></span> <span class='ocrx_word' id='word_1_152' title='bbox 786 2203 834 2264; x_wconf 84' lang='grc' dir='ltr'><strong>ἔτι</strong></span> <span class='ocrx_word' id='word_1_153' title='bbox 860 2210 959 2265; x_wconf 87' lang='grc' dir='ltr'><em>τοῦτο</em></span> <span class='ocrx_word' id='word_1_154' title='bbox 991 2204 1028 2266; x_wconf 89' lang='grc' dir='ltr'><strong>τὸ</strong></span> <span class='ocrx_word' id='word_1_155' title='bbox 1055 2200 1153 2283; x_wconf 76' lang='grc' dir='ltr'><em>γένος</em></span> <span class='ocrx_word' id='word_1_156' title='bbox 1181 2196 1224 2283; x_wconf 81' lang='grc' dir='ltr'><strong>ἦν</strong></span> <span class='ocrx_word' id='word_1_157' title='bbox 1251 2212 1319 2265; x_wconf 85' lang='grc' dir='ltr'><strong>τῶν</strong></span> <span class='ocrx_word' id='word_1_158' title='bbox 1346 2200 1401 2265; x_wconf 80' lang='grc' dir='ltr'><strong>ἐπὶ</strong></span> <span class='ocrx_word' id='word_1_159' title='bbox 1427 2211 1484 2285; x_wconf 82' lang='grc' dir='ltr'><em>τῆς</em></span> 
     </span>
     <span class='ocr_line' id='line_1_19' title="bbox 307 2303 1485 2391; baseline 0.001 -19"><span class='ocrx_word' id='word_1_160' title='bbox 307 2311 414 2384; x_wconf 87' lang='grc' dir='ltr'><em>Ασίας</em></span> <span class='ocrx_word' id='word_1_161' title='bbox 438 2303 701 2389; x_wconf 74' lang='grc' dir='ltr'><strong>Ἀσκληπιαδῶν,</strong></span> <span class='ocrx_word' id='word_1_162' title='bbox 729 2306 937 2383; x_wconf 77' lang='grc' dir='ltr'><em>ἐπιλιπόντος</em></span> <span class='ocrx_word' id='word_1_163' title='bbox 962 2316 1023 2372; x_wconf 88' lang='grc' dir='ltr'><strong>τοῦ</strong></span> <span class='ocrx_word' id='word_1_164' title='bbox 1050 2307 1132 2372; x_wconf 81' lang='grc' dir='ltr'><em>κατὰ</em></span> <span class='ocrx_word' id='word_1_165' title='bbox 1149 2305 1277 2372; x_wconf 74' lang='grc' dir='ltr'><em>Ῥόδον·</em></span> <span class='ocrx_word' id='word_1_166' title='bbox 1305 2310 1419 2391; x_wconf 80' lang='grc' dir='ltr'><em>ἤριζον</em></span> <span class='ocrx_word' id='word_1_167' title='bbox 1447 2306 1485 2373; x_wconf 74' lang='grc' dir='ltr'><strong>δὲ</strong></span> 
     </span>
     <span class='ocr_line' id='line_1_20' title="bbox 308 2411 1484 2497; baseline 0.001 -18"><span class='ocrx_word' id='word_1_168' title='bbox 308 2415 421 2490; x_wconf 81' lang='grc' dir='ltr'><em>αὐτοῖς</em></span> <span class='ocrx_word' id='word_1_169' title='bbox 449 2415 510 2497; x_wconf 80' lang='grc' dir='ltr'><strong>τὴν</strong></span> <span class='ocrx_word' id='word_1_170' title='bbox 539 2413 671 2496; x_wconf 77' lang='grc' dir='ltr'><strong>ἀγαθὴν</strong></span> <span class='ocrx_word' id='word_1_171' title='bbox 699 2416 771 2497; x_wconf 83' lang='grc' dir='ltr'><em>ἔριν</em></span> <span class='ocrx_word' id='word_1_172' title='bbox 803 2412 935 2496; x_wconf 79' lang='grc' dir='ltr'><em>ἐκείνην</em></span> <span class='ocrx_word' id='word_1_173' title='bbox 952 2465 957 2476; x_wconf 95' lang='grc'><em>.</em></span> <span class='ocrx_word' id='word_1_174' title='bbox 974 2466 980 2478; x_wconf 94' lang='grc'><em>.</em></span> <span class='ocrx_word' id='word_1_175' title='bbox 996 2466 1002 2477; x_wconf 94' lang='grc'><strong>.</strong></span> <span class='ocrx_word' id='word_1_176' title='bbox 1018 2465 1025 2476; x_wconf 93' lang='grc'><strong><em>.</em></strong></span> <span class='ocrx_word' id='word_1_177' title='bbox 1041 2411 1097 2478; x_wconf 86' lang='grc' dir='ltr'><strong>ιιαλ</strong></span> <span class='ocrx_word' id='word_1_178' title='bbox 1129 2415 1165 2478; x_wconf 76' lang='grc' dir='ltr'><strong>οἱ</strong></span> <span class='ocrx_word' id='word_1_179' title='bbox 1193 2413 1229 2477; x_wconf 83' lang='grc' dir='ltr'><strong>ἐκ</strong></span> <span class='ocrx_word' id='word_1_180' title='bbox 1261 2423 1318 2495; x_wconf 82' lang='grc' dir='ltr'><em>τῆς</em></span> <span class='ocrx_word' id='word_1_181' title='bbox 1345 2411 1484 2492; x_wconf 85' lang='grc' dir='ltr'><em>Ἰταλίας</em></span> 
     </span>
     <span class='ocr_line' id='line_1_21' title="bbox 308 2517 1486 2605; baseline 0 -20"><span class='ocrx_word' id='word_1_182' title='bbox 308 2521 414 2605; x_wconf 77' lang='grc' dir='ltr'><em>ἰατροὶ</em></span> <span class='ocrx_word' id='word_1_183' title='bbox 446 2524 627 2586; x_wconf 87' lang='grc' dir='ltr'><em>Φιλιστίων</em></span> <span class='ocrx_word' id='word_1_184' title='bbox 655 2543 689 2584; x_wconf 87' lang='grc' dir='ltr'><strong>τε</strong></span> <span class='ocrx_word' id='word_1_185' title='bbox 721 2518 776 2584; x_wconf 84' lang='grc' dir='ltr'><strong>ιιαλ</strong></span> <span class='ocrx_word' id='word_1_186' title='bbox 803 2517 1024 2603; x_wconf 78' lang='grc' dir='ltr'><em>Ἐμπεδοκλῆς</em></span> <span class='ocrx_word' id='word_1_187' title='bbox 1055 2518 1110 2584; x_wconf 86' lang='grc' dir='ltr'><strong>ιιαλ</strong></span> <span class='ocrx_word' id='word_1_188' title='bbox 1138 2524 1335 2598; x_wconf 83' lang='grc' dir='ltr'><em>Παυσανίας</em></span> <span class='ocrx_word' id='word_1_189' title='bbox 1366 2519 1420 2586; x_wconf 77' lang='grc' dir='ltr'><strong>καὶ</strong></span> <span class='ocrx_word' id='word_1_190' title='bbox 1451 2522 1486 2586; x_wconf 79' lang='lat' dir='ltr'><strong>ot</strong></span> 
     </span>
     <span class='ocr_line' id='line_1_22' title="bbox 307 2623 1484 2712; baseline -0.001 -18"><span class='ocrx_word' id='word_1_191' title='bbox 307 2630 435 2694; x_wconf 84' lang='grc' dir='ltr'><em>τούτων</em></span> <span class='ocrx_word' id='word_1_192' title='bbox 459 2626 596 2711; x_wconf 81' lang='grc' dir='ltr'><em>ἑταῖροι·</em></span> <span class='ocrx_word' id='word_1_193' title='bbox 625 2625 680 2692; x_wconf 84' lang='grc' dir='ltr'><strong>καλ</strong></span> <span class='ocrx_word' id='word_1_194' title='bbox 706 2640 793 2710; x_wconf 82' lang='grc' dir='ltr'><em>τρεῖς</em></span> <span class='ocrx_word' id='word_1_195' title='bbox 817 2623 909 2692; x_wconf 86' lang='grc' dir='ltr'><em>οὗτοι</em></span> <span class='ocrx_word' id='word_1_196' title='bbox 932 2629 1026 2712; x_wconf 82' lang='grc' dir='ltr'><em>χόροι</em></span> <span class='ocrx_word' id='word_1_197' title='bbox 1049 2628 1132 2710; x_wconf 89' lang='grc' dir='ltr'><em>πρὸς</em></span> <span class='ocrx_word' id='word_1_198' title='bbox 1154 2627 1318 2711; x_wconf 80' lang='grc' dir='ltr'><em>ἀλλήλους</em></span> <span class='ocrx_word' id='word_1_199' title='bbox 1340 2626 1484 2712; x_wconf 85' lang='grc' dir='ltr'><em>ἁμιλλω-</em></span> 
     </span>
     <span class='ocr_line' id='line_1_23' title="bbox 308 2728 1483 2821; baseline 0.003 -23"><span class='ocrx_word' id='word_1_200' title='bbox 308 2734 418 2818; x_wconf 82' lang='grc' dir='ltr'><em>μένων</em></span> <span class='ocrx_word' id='word_1_201' title='bbox 441 2733 595 2816; x_wconf 78' lang='grc' dir='ltr'><strong>ἐνένοντο</strong></span> <span class='ocrx_word' id='word_1_202' title='bbox 619 2736 749 2817; x_wconf 78' lang='grc' dir='ltr'><em>ἰατρῶν.</em></span> <span class='ocrx_word' id='word_1_203' title='bbox 794 2737 969 2809; x_wconf 83' lang='grc' dir='ltr'><em>πλείστους</em></span> <span class='ocrx_word' id='word_1_204' title='bbox 997 2729 1058 2816; x_wconf 74' lang='grc' dir='ltr'><strong>μὲν</strong></span> <span class='ocrx_word' id='word_1_205' title='bbox 1081 2728 1144 2798; x_wconf 83' lang='grc' dir='ltr'><strong>οὖν</strong></span> <span class='ocrx_word' id='word_1_206' title='bbox 1172 2732 1226 2798; x_wconf 81' lang='grc' dir='ltr'><strong>καὶ</strong></span> <span class='ocrx_word' id='word_1_207' title='bbox 1250 2734 1407 2818; x_wconf 82' lang='grc' dir='ltr'><strong>ἀρίστους</strong></span> <span class='ocrx_word' id='word_1_208' title='bbox 1428 2760 1483 2821; x_wconf 78' lang='lat'><strong>2⁰·</strong></span> 
     </span>
     <span class='ocr_line' id='line_1_24' title="bbox 308 2836 1482 2930; baseline 0.001 -25"><span class='ocrx_word' id='word_1_209' title='bbox 308 2842 426 2925; x_wconf 82' lang='grc' dir='ltr'><em>ρευτὰς</em></span> <span class='ocrx_word' id='word_1_210' title='bbox 453 2841 470 2904; x_wconf 92' lang='grc' dir='ltr'>ὁ</span> <span class='ocrx_word' id='word_1_211' title='bbox 499 2842 596 2926; x_wconf 75' lang='grc' dir='ltr'><em>Κῷος</em></span> <span class='ocrx_word' id='word_1_212' title='bbox 623 2840 805 2924; x_wconf 80' lang='grc' dir='ltr'><em>εὐτυχήσας</em></span> <span class='ocrx_word' id='word_1_213' title='bbox 833 2836 937 2923; x_wconf 77' lang='grc' dir='ltr'><em>εἶχεν,</em></span> <span class='ocrx_word' id='word_1_214' title='bbox 969 2839 1066 2921; x_wconf 79' lang='grc' dir='ltr'><em>ἐγγὺς</em></span> <span class='ocrx_word' id='word_1_215' title='bbox 1095 2837 1131 2903; x_wconf 73' lang='grc' dir='ltr'><strong>ἀὲ</strong></span> <span class='ocrx_word' id='word_1_216' title='bbox 1160 2843 1207 2904; x_wconf 81' lang='grc' dir='ltr'><strong>ἔτι</strong></span> <span class='ocrx_word' id='word_1_217' title='bbox 1234 2843 1342 2930; x_wconf 78' lang='grc' dir='ltr'><em>τούτῳ</em></span> <span class='ocrx_word' id='word_1_218' title='bbox 1370 2843 1389 2908; x_wconf 84' lang='grc' dir='ltr'>ὁ</span> <span class='ocrx_word' id='word_1_219' title='bbox 1418 2843 1482 2907; x_wconf 89' lang='grc' dir='ltr'><strong>ἀπὸ</strong></span> 
     </span>
     <span class='ocr_line' id='line_1_25' title="bbox 306 2943 1484 3033; baseline 0.001 -21"><span class='ocrx_word' id='word_1_220' title='bbox 306 2958 364 3030; x_wconf 83' lang='grc' dir='ltr'><em>τῆς</em></span> <span class='ocrx_word' id='word_1_221' title='bbox 392 2949 539 3029; x_wconf 76' lang='grc' dir='ltr'><strong>Κνίδον,</strong></span> <span class='ocrx_word' id='word_1_222' title='bbox 570 2950 673 3028; x_wconf 87' lang='grc' dir='ltr'><em>λόγου</em></span> <span class='ocrx_word' id='word_1_223' title='bbox 706 2943 743 3010; x_wconf 73' lang='grc' dir='ltr'><strong>δὲ</strong></span> <span class='ocrx_word' id='word_1_224' title='bbox 771 2943 813 3029; x_wconf 80' lang='grc' dir='ltr'><strong>ἦν</strong></span> <span class='ocrx_word' id='word_1_225' title='bbox 840 2946 930 3024; x_wconf 84' lang='grc' dir='ltr'><em>ἀξιος</em></span> <span class='ocrx_word' id='word_1_226' title='bbox 963 2947 1004 3011; x_wconf 88' lang='grc' dir='ltr'><strong>οὐ</strong></span> <span class='ocrx_word' id='word_1_227' title='bbox 1031 2956 1174 3030; x_wconf 81' lang='grc' dir='ltr'><em>σμικροῦ</em></span> <span class='ocrx_word' id='word_1_228' title='bbox 1203 2945 1258 3012; x_wconf 84' lang='grc' dir='ltr'><strong>καλ</strong></span> <span class='ocrx_word' id='word_1_229' title='bbox 1286 2948 1305 3013; x_wconf 84' lang='grc' dir='ltr'>ὁ</span> <span class='ocrx_word' id='word_1_230' title='bbox 1333 2949 1397 3014; x_wconf 87' lang='grc' dir='ltr'><strong>ἀπὸ</strong></span> <span class='ocrx_word' id='word_1_231' title='bbox 1425 2959 1484 3033; x_wconf 82' lang='grc' dir='ltr'><em>τῆς</em></span> 
     </span>
     <span class='ocr_line' id='line_1_26' title="bbox 305 3051 1482 3139; baseline 0 -20"><span class='ocrx_word' id='word_1_232' title='bbox 305 3051 454 3130; x_wconf 88' lang='grc' dir='ltr'><em>Ἰταλίας.</em></span> <span class='ocrx_word' id='word_1_233' title='bbox 492 3054 640 3138; x_wconf 92' lang='lat' dir='ltr'><strong>Denique</strong></span> <span class='ocrx_word' id='word_1_234' title='bbox 659 3054 761 3117; x_wconf 94' lang='lat' dir='ltr'><strong>libere</strong></span> <span class='ocrx_word' id='word_1_235' title='bbox 780 3055 850 3138; x_wconf 89' lang='lat' dir='ltr'><strong>ipse</strong></span> <span class='ocrx_word' id='word_1_236' title='bbox 871 3052 1013 3118; x_wconf 82' lang='lat' dir='ltr'><strong>Galenus</strong></span> <span class='ocrx_word' id='word_1_237' title='bbox 1033 3054 1221 3118; x_wconf 89' lang='lat' dir='ltr'><strong>confitetur:</strong></span> <span class='ocrx_word' id='word_1_238' title='bbox 1244 3056 1482 3139; x_wconf 80' lang='grc' dir='ltr'><strong>συγγράμματα</strong></span> 
     </span>
     <span class='ocr_line' id='line_1_27' title="bbox 308 3158 1482 3248; baseline 0 -21"><span class='ocrx_word' id='word_1_239' title='bbox 308 3166 444 3227; x_wconf 80' lang='grc' dir='ltr'><strong>πλεῖστα</strong></span> <span class='ocrx_word' id='word_1_240' title='bbox 458 3172 524 3226; x_wconf 87' lang='grc' dir='ltr'><strong>τῶν</strong></span> <span class='ocrx_word' id='word_1_241' title='bbox 538 3166 689 3226; x_wconf 82' lang='grc' dir='ltr'><strong>παλαιῶν</strong></span> <span class='ocrx_word' id='word_1_242' title='bbox 703 3159 837 3244; x_wconf 75' lang='grc' dir='ltr'><em>ἀνδρῶν</em></span> <span class='ocrx_word' id='word_1_243' title='bbox 853 3159 962 3225; x_wconf 82' lang='grc' dir='ltr'><em>οὐκέτι</em></span> <span class='ocrx_word' id='word_1_244' title='bbox 978 3162 1113 3237; x_wconf 85' lang='grc' dir='ltr'><em>σώζεται</em></span> <span class='ocrx_word' id='word_1_245' title='bbox 1127 3158 1205 3245; x_wconf 79' lang='lat' dir='ltr'><strong>(XV</strong></span> <span class='ocrx_word' id='word_1_246' title='bbox 1215 3163 1256 3225; x_wconf 79' lang='lat'><strong>67</strong></span> <span class='ocrx_word' id='word_1_247' title='bbox 1268 3160 1331 3248; x_wconf 85' lang='lat' dir='ltr'><strong>K).</strong></span> <span class='ocrx_word' id='word_1_248' title='bbox 1360 3161 1482 3227; x_wconf 88' lang='lat' dir='ltr'><strong>Contra</strong></span> 
     </span>
     <span class='ocr_line' id='line_1_28' title="bbox 310 3267 1481 3353; baseline 0 -21"><span class='ocrx_word' id='word_1_249' title='bbox 310 3269 415 3352; x_wconf 82' lang='lat' dir='ltr'><strong>Meno,</strong></span> <span class='ocrx_word' id='word_1_250' title='bbox 434 3291 632 3353; x_wconf 88' lang='lat' dir='ltr'><strong>quamquam</strong></span> <span class='ocrx_word' id='word_1_251' title='bbox 651 3289 733 3350; x_wconf 90' lang='lat' dir='ltr'><strong>quae</strong></span> <span class='ocrx_word' id='word_1_252' title='bbox 752 3268 787 3331; x_wconf 91' lang='lat' dir='ltr'><strong>in</strong></span> <span class='ocrx_word' id='word_1_253' title='bbox 803 3267 908 3332; x_wconf 91' lang='lat' dir='ltr'><strong>lucem</strong></span> <span class='ocrx_word' id='word_1_254' title='bbox 926 3288 1030 3351; x_wconf 88' lang='lat' dir='ltr'><strong>nuper</strong></span> <span class='ocrx_word' id='word_1_255' title='bbox 1044 3268 1236 3351; x_wconf 89' lang='lat' dir='ltr'><strong>prodierunt</strong></span> <span class='ocrx_word' id='word_1_256' title='bbox 1254 3291 1292 3332; x_wconf 90' lang='lat' dir='ltr'><strong>ex</strong></span> <span class='ocrx_word' id='word_1_257' title='bbox 1307 3268 1392 3333; x_wconf 94' lang='lat' dir='ltr'><strong>libro</strong></span> <span class='ocrx_word' id='word_1_258' title='bbox 1412 3267 1481 3333; x_wconf 92' lang='lat' dir='ltr'><strong>eius</strong></span> 
     </span>
     <span class='ocr_line' id='line_1_29' title="bbox 309 3373 1481 3459; baseline 0 -19"><span class='ocrx_word' id='word_1_259' title='bbox 309 3379 462 3459; x_wconf 88' lang='lat' dir='ltr'><strong>excerpta</strong></span> <span class='ocrx_word' id='word_1_260' title='bbox 484 3375 579 3458; x_wconf 91' lang='lat' dir='ltr'><strong>plane</strong></span> <span class='ocrx_word' id='word_1_261' title='bbox 602 3373 684 3437; x_wconf 91' lang='lat' dir='ltr'><strong>nihil</strong></span> <span class='ocrx_word' id='word_1_262' title='bbox 708 3375 747 3438; x_wconf 92' lang='lat' dir='ltr'><strong>de</strong></span> <span class='ocrx_word' id='word_1_263' title='bbox 772 3375 966 3438; x_wconf 85' lang='lat' dir='ltr'><strong>Alcmaeone</strong></span> <span class='ocrx_word' id='word_1_264' title='bbox 990 3396 1050 3438; x_wconf 91' lang='lat' dir='ltr'><strong>nos</strong></span> <span class='ocrx_word' id='word_1_265' title='bbox 1075 3375 1206 3459; x_wconf 85' lang='lat' dir='ltr'><strong>docent,</strong></span> <span class='ocrx_word' id='word_1_266' title='bbox 1234 3376 1314 3458; x_wconf 89' lang='lat' dir='ltr'><strong>quin</strong></span> <span class='ocrx_word' id='word_1_267' title='bbox 1337 3398 1375 3439; x_wconf 91' lang='lat' dir='ltr'><strong>ea</strong></span> <span class='ocrx_word' id='word_1_268' title='bbox 1398 3398 1481 3459; x_wconf 87' lang='lat' dir='ltr'><strong>quae</strong></span> 
     </span>
     <span class='ocr_line' id='line_1_30' title="bbox 309 3480 1481 3565; baseline 0.001 -20"><span class='ocrx_word' id='word_1_269' title='bbox 309 3482 348 3546; x_wconf 91' lang='lat' dir='ltr'><strong>de</strong></span> <span class='ocrx_word' id='word_1_270' title='bbox 372 3480 584 3546; x_wconf 84' lang='lat' dir='ltr'><strong>Crotoniatae</strong></span> <span class='ocrx_word' id='word_1_271' title='bbox 612 3480 743 3564; x_wconf 86' lang='lat' dir='ltr'><strong>placitis</strong></span> <span class='ocrx_word' id='word_1_272' title='bbox 770 3481 861 3545; x_wconf 93' lang='lat' dir='ltr'><strong>nullo</strong></span> <span class='ocrx_word' id='word_1_273' title='bbox 891 3480 989 3544; x_wconf 88' lang='lat' dir='ltr'><strong>dubio</strong></span> <span class='ocrx_word' id='word_1_274' title='bbox 1018 3482 1169 3565; x_wconf 82' lang='lat' dir='ltr'><strong>exposuit</strong></span> <span class='ocrx_word' id='word_1_275' title='bbox 1196 3503 1236 3545; x_wconf 87' lang='lat' dir='ltr'><strong>ex</strong></span> <span class='ocrx_word' id='word_1_276' title='bbox 1264 3482 1368 3565; x_wconf 93' lang='lat' dir='ltr'><strong>ipsius</strong></span> <span class='ocrx_word' id='word_1_277' title='bbox 1395 3483 1481 3547; x_wconf 90' lang='lat' dir='ltr'><strong>libro</strong></span> 
     </span>
     <span class='ocr_line' id='line_1_31' title="bbox 308 3587 1482 3671; baseline 0.001 -20"><span class='ocrx_word' id='word_1_278' title='bbox 308 3587 455 3652; x_wconf 84' lang='lat' dir='ltr'><strong>hauserit</strong></span> <span class='ocrx_word' id='word_1_279' title='bbox 467 3608 533 3652; x_wconf 92' lang='lat' dir='ltr'><strong>non</strong></span> <span class='ocrx_word' id='word_1_280' title='bbox 548 3591 598 3650; x_wconf 90' lang='lat' dir='ltr'><strong>est</strong></span> <span class='ocrx_word' id='word_1_281' title='bbox 612 3608 669 3650; x_wconf 87' lang='lat' dir='ltr'><strong>cur</strong></span> <span class='ocrx_word' id='word_1_282' title='bbox 684 3587 879 3670; x_wconf 85' lang='lat' dir='ltr'><strong>dubitemus,</strong></span> <span class='ocrx_word' id='word_1_283' title='bbox 895 3609 968 3652; x_wconf 89' lang='lat' dir='ltr'><strong>cum</strong></span> <span class='ocrx_word' id='word_1_284' title='bbox 978 3587 1191 3651; x_wconf 89' lang='lat' dir='ltr'><strong>Aristotelem</strong></span> <span class='ocrx_word' id='word_1_285' title='bbox 1207 3587 1482 3671; x_wconf 87' lang='lat' dir='ltr'><strong>Theophrastum·</strong></span> 
     </span>
     <span class='ocr_line' id='line_1_32' title="bbox 308 3692 1482 3779; baseline 0.003 -22"><span class='ocrx_word' id='word_1_286' title='bbox 308 3715 370 3777; x_wconf 89' lang='lat' dir='ltr'><strong>que</strong></span> <span class='ocrx_word' id='word_1_287' title='bbox 394 3716 432 3758; x_wconf 91' lang='lat' dir='ltr'><strong>eo</strong></span> <span class='ocrx_word' id='word_1_288' title='bbox 456 3716 552 3757; x_wconf 92' lang='lat' dir='ltr'><strong>usum</strong></span> <span class='ocrx_word' id='word_1_289' title='bbox 571 3714 642 3757; x_wconf 92' lang='lat' dir='ltr'><strong>esse</strong></span> <span class='ocrx_word' id='word_1_290' title='bbox 665 3697 802 3758; x_wconf 89' lang='lat' dir='ltr'><strong>constet.</strong></span> <span class='ocrx_word' id='word_1_291' title='bbox 838 3692 924 3768; x_wconf 79' lang='lat' dir='ltr'><strong>Quin</strong></span> <span class='ocrx_word' id='word_1_292' title='bbox 944 3695 1044 3758; x_wconf 87' lang='lat' dir='ltr'><strong>etiam</strong></span> <span class='ocrx_word' id='word_1_293' title='bbox 1063 3692 1256 3758; x_wconf 84' lang='lat' dir='ltr'><strong>Callimachi</strong></span> <span class='ocrx_word' id='word_1_294' title='bbox 1278 3696 1482 3779; x_wconf 89' lang='lat' dir='ltr'><strong>temporibus</strong></span> 
     </span>
     <span class='ocr_line' id='line_1_33' title="bbox 309 3797 1481 3887; baseline 0.002 -23"><span class='ocrx_word' id='word_1_295' title='bbox 309 3800 456 3865; x_wconf 90' lang='lat' dir='ltr'><strong>libellum</strong></span> <span class='ocrx_word' id='word_1_296' title='bbox 476 3800 641 3864; x_wconf 87' lang='lat' dir='ltr'><strong>exstitisse</strong></span> <span class='ocrx_word' id='word_1_297' title='bbox 666 3822 683 3863; x_wconf 94' lang='lat' dir='ltr'><strong>e</strong></span> <span class='ocrx_word' id='word_1_298' title='bbox 702 3799 808 3883; x_wconf 91' lang='lat' dir='ltr'><strong>primo</strong></span> <span class='ocrx_word' id='word_1_299' title='bbox 828 3801 1013 3885; x_wconf 85' lang='lat' dir='ltr'><strong>fragmento</strong></span> <span class='ocrx_word' id='word_1_300' title='bbox 1034 3797 1088 3885; x_wconf 87' lang='lat' dir='ltr'><strong>(cf.</strong></span> <span class='ocrx_word' id='word_1_301' title='bbox 1107 3821 1180 3886; x_wconf 83' lang='lat' dir='ltr'><strong>pag.</strong></span> <span class='ocrx_word' id='word_1_302' title='bbox 1201 3800 1259 3887; x_wconf 88' lang='grc'><strong>34)</strong></span> <span class='ocrx_word' id='word_1_303' title='bbox 1279 3803 1481 3867; x_wconf 91' lang='lat' dir='ltr'><strong>coniecerim.</strong></span> 
     </span>
     <span class='ocr_line' id='line_1_34' title="bbox 307 3906 1482 3994; baseline 0 -22"><span class='ocrx_word' id='word_1_304' title='bbox 307 3907 371 3972; x_wconf 84' lang='lat' dir='ltr'><strong>Est</strong></span> <span class='ocrx_word' id='word_1_305' title='bbox 394 3907 481 3971; x_wconf 91' lang='lat' dir='ltr'><strong>enim</strong></span> <span class='ocrx_word' id='word_1_306' title='bbox 504 3929 521 3970; x_wconf 94' lang='lat' dir='ltr'><strong>e</strong></span> <span class='ocrx_word' id='word_1_307' title='bbox 545 3929 634 3970; x_wconf 88' lang='lat' dir='ltr'><strong>more</strong></span> <span class='ocrx_word' id='word_1_308' title='bbox 655 3906 848 3971; x_wconf 83' lang='lat' dir='ltr'><strong>Callimachi</strong></span> <span class='ocrx_word' id='word_1_309' title='bbox 870 3907 905 3970; x_wconf 91' lang='lat' dir='ltr'><strong>in</strong></span> <span class='ocrx_word' id='word_1_310' title='bbox 923 3907 1074 3971; x_wconf 79' lang='grc' dir='ltr'><strong>πινάκων</strong></span> <span class='ocrx_word' id='word_1_311' title='bbox 1098 3929 1129 3991; x_wconf 90' lang='lat' dir='ltr'><strong>q.</strong></span> <span class='ocrx_word' id='word_1_312' title='bbox 1147 3929 1176 3970; x_wconf 85' lang='lat' dir='ltr'><strong>v.</strong></span> <span class='ocrx_word' id='word_1_313' title='bbox 1196 3907 1389 3994; x_wconf 84' lang='lat' dir='ltr'><strong>fragmentis</strong></span> <span class='ocrx_word' id='word_1_314' title='bbox 1412 3909 1482 3974; x_wconf 92' lang='lat' dir='ltr'><strong>ubi-</strong></span> 
     </span>
     <span class='ocr_line' id='line_1_35' title="bbox 307 4013 1481 4100; baseline 0.002 -22"><span class='ocrx_word' id='word_1_315' title='bbox 307 4037 370 4099; x_wconf 92' lang='lat' dir='ltr'><strong>que</strong></span> <span class='ocrx_word' id='word_1_316' title='bbox 399 4013 589 4097; x_wconf 85' lang='lat' dir='ltr'><strong>conspicuo‚</strong></span> <span class='ocrx_word' id='word_1_317' title='bbox 618 4013 776 4078; x_wconf 89' lang='lat' dir='ltr'><strong>librorum</strong></span> <span class='ocrx_word' id='word_1_318' title='bbox 804 4014 1072 4097; x_wconf 88' lang='lat' dir='ltr'><strong>inscriptionibus</strong></span> <span class='ocrx_word' id='word_1_319' title='bbox 1101 4015 1216 4079; x_wconf 89' lang='lat' dir='ltr'><strong>addere</strong></span> <span class='ocrx_word' id='word_1_320' title='bbox 1244 4015 1350 4100; x_wconf 89' lang='lat' dir='ltr'><strong>prima</strong></span> <span class='ocrx_word' id='word_1_321' title='bbox 1377 4016 1481 4080; x_wconf 89' lang='lat' dir='ltr'><strong>totius</strong></span> 
     </span>
    </p>
   </div>
   <div class='ocr_carea' id='block_1_5' title="bbox 306 4188 1481 4531">
    <p class='ocr_par' dir='ltr' id='par_1_5' title="bbox 307 4188 1481 4349">
     <span class='ocr_line' id='line_1_36' title="bbox 307 4188 1481 4260; baseline 0.002 -17"><span class='ocrx_word' id='word_1_322' title='bbox 307 4190 467 4260; x_wconf 86' lang='lat' dir='ltr'><strong>pretatione</strong></span> <span class='ocrx_word' id='word_1_323' title='bbox 482 4188 631 4242; x_wconf 83' lang='lat' dir='ltr'><strong>ridiculum</strong></span> <span class='ocrx_word' id='word_1_324' title='bbox 647 4188 804 4256; x_wconf 88' lang='lat' dir='ltr'><strong>Sophoniae</strong></span> <span class='ocrx_word' id='word_1_325' title='bbox 825 4189 859 4243; x_wconf 89' lang='lat' dir='ltr'><strong>de</strong></span> <span class='ocrx_word' id='word_1_326' title='bbox 875 4188 1053 4244; x_wconf 87' lang='lat' dir='ltr'><strong>Alcmaeonis</strong></span> <span class='ocrx_word' id='word_1_327' title='bbox 1068 4191 1162 4244; x_wconf 80' lang='lat' dir='ltr'><strong>aetate</strong></span> <span class='ocrx_word' id='word_1_328' title='bbox 1177 4205 1298 4244; x_wconf 88' lang='lat' dir='ltr'><strong>errorem</strong></span> <span class='ocrx_word' id='word_1_329' title='bbox 1313 4191 1407 4244; x_wconf 89' lang='lat' dir='ltr'><strong>ortum</strong></span> <span class='ocrx_word' id='word_1_330' title='bbox 1422 4208 1481 4245; x_wconf 90' lang='lat' dir='ltr'><strong>esse</strong></span> 
     </span>
     <span class='ocr_line' id='line_1_37' title="bbox 307 4278 674 4349; baseline -0.005 -17"><span class='ocrx_word' id='word_1_331' title='bbox 307 4281 442 4349; x_wconf 84' lang='lat' dir='ltr'><strong>appareat</strong></span> <span class='ocrx_word' id='word_1_332' title='bbox 460 4278 505 4345; x_wconf 85' lang='lat' dir='ltr'><strong>(el.</strong></span> <span class='ocrx_word' id='word_1_333' title='bbox 520 4294 584 4346; x_wconf 79' lang='lat' dir='ltr'><strong>pag,</strong></span> <span class='ocrx_word' id='word_1_334' title='bbox 600 4281 624 4344; x_wconf 86' lang='lat'><strong>8,</strong></span> <span class='ocrx_word' id='word_1_335' title='bbox 640 4280 674 4347; x_wconf 86' lang='lat'><strong>3).</strong></span> 
     </span>
    </p>

    <p class='ocr_par' dir='ltr' id='par_1_6' title="bbox 306 4365 1481 4531">
     <span class='ocr_line' id='line_1_38' title="bbox 400 4365 1481 4439; baseline 0 -17"><span class='ocrx_word' id='word_1_336' title='bbox 400 4372 424 4435; x_wconf 87' lang='lat'><strong>1)</strong></span> <span class='ocrx_word' id='word_1_337' title='bbox 445 4367 530 4421; x_wconf 87' lang='lat' dir='ltr'><strong>Plane</strong></span> <span class='ocrx_word' id='word_1_338' title='bbox 549 4367 670 4436; x_wconf 81' lang='lat' dir='ltr'><strong>negligit</strong></span> <span class='ocrx_word' id='word_1_339' title='bbox 691 4382 837 4436; x_wconf 85' lang='lat' dir='ltr'><strong>exponere,</strong></span> <span class='ocrx_word' id='word_1_340' title='bbox 857 4385 905 4422; x_wconf 86' lang='lat' dir='ltr'><strong>eur</strong></span> <span class='ocrx_word' id='word_1_341' title='bbox 922 4365 962 4421; x_wconf 84' lang='lat' dir='ltr'><strong>eis</strong></span> <span class='ocrx_word' id='word_1_342' title='bbox 977 4367 1176 4422; x_wconf 86' lang='lat' dir='ltr'><strong>Alcmaeonem</strong></span> <span class='ocrx_word' id='word_1_343' title='bbox 1194 4370 1358 4422; x_wconf 85' lang='lat' dir='ltr'><strong>annumeret</strong></span> <span class='ocrx_word' id='word_1_344' title='bbox 1376 4367 1426 4435; x_wconf 88' lang='lat' dir='ltr'><strong>qui</strong></span> <span class='ocrx_word' id='word_1_345' title='bbox 1444 4367 1481 4439; x_wconf 82' lang='grc' dir='ltr'><strong>μὴ</strong></span> 
     </span>
     <span class='ocr_line' id='line_1_39' title="bbox 306 4453 1438 4531; baseline 0.003 -20"><span class='ocrx_word' id='word_1_346' title='bbox 306 4459 345 4531; x_wconf 77' lang='grc' dir='ltr'><strong>τῷ</strong></span> <span class='ocrx_word' id='word_1_347' title='bbox 364 4457 450 4529; x_wconf 78' lang='grc' dir='ltr'><em>ὁμοίῳ</em></span> <span class='ocrx_word' id='word_1_348' title='bbox 470 4473 599 4510; x_wconf 86' lang='lat' dir='ltr'><strong>sensuum</strong></span> <span class='ocrx_word' id='word_1_349' title='bbox 619 4453 809 4525; x_wconf 79' lang='lat' dir='ltr'><strong>cognitionem</strong></span> <span class='ocrx_word' id='word_1_350' title='bbox 827 4454 942 4512; x_wconf 88' lang='lat' dir='ltr'><strong>faciant.</strong></span> <span class='ocrx_word' id='word_1_351' title='bbox 980 4455 1021 4511; x_wconf 83' lang='lat' dir='ltr'><strong>ef.</strong></span> <span class='ocrx_word' id='word_1_352' title='bbox 1035 4455 1188 4510; x_wconf 87' lang='lat' dir='ltr'><strong>Dielesium</strong></span> <span class='ocrx_word' id='word_1_353' title='bbox 1208 4458 1277 4513; x_wconf 89' lang='lat' dir='ltr'><strong>Dox.</strong></span> <span class='ocrx_word' id='word_1_354' title='bbox 1296 4474 1361 4527; x_wconf 78' lang='lat' dir='ltr'><strong>pag,</strong></span> <span class='ocrx_word' id='word_1_355' title='bbox 1376 4461 1438 4514; x_wconf 71' lang='grc' dir='ltr'><strong>λοῦ.</strong></span> 
     </span>
    </p>
   </div>
   <div class='ocr_carea' id='block_1_6' title="bbox 0 0 1684 5132">
    <p class='ocr_par' dir='ltr' id='par_1_7' title="bbox 0 0 1684 5132">
     <span class='ocr_line' id='line_1_40' title="bbox 0 0 1684 5132; baseline 0 0"><span class='ocrx_word' id='word_1_356' title='bbox 0 0 1684 5132; x_wconf 95' lang='lat' dir='ltr'><strong> </strong></span> 
     </span>
    </p>
   </div>
  </div>
 </body>
</html>
