3358 5132
776 320 910 412 ..τρο
955 361 998 372 .-

301 488 339 549 ut
356 484 467 568 priora
490 485 538 549 ita
556 485 656 549 etiam
674 484 857 568 posteriora
876 488 973 570 atque
993 489 1139 550 extrema
1156 481 1225 570 (δεῖ
1241 486 1303 572 γὰρ
1323 488 1364 571 δὴ
1379 540 1384 551 .
1400 539 1407 552 .
1423 539 1429 550 .
1446 486 1479 575 .)

301 612 340 654 ex
359 589 558 675 Hippocrate
578 592 710 656 fluxisse
729 589 793 655 sibi
811 595 1051 674 persuaserunt.
1089 590 1181 666 Quod
1204 593 1339 658 minime
1362 617 1476 659 verum

301 718 371 762 esse
402 698 452 762 vel
480 698 554 762 inde
582 703 688 783 patet,
721 697 806 781 quod
834 719 901 762 non
929 697 1035 762 solum
1065 719 1217 763 sucorum
1246 699 1477 785 principalium

300 803 390 868 nulla
417 805 457 868 fit
484 826 566 888 quae
595 804 734 869 debebat
757 804 894 888 mentio,
922 805 979 868 sed
1007 804 1106 869 etiam
1133 805 1198 868 nisi
1226 806 1338 872 eiectis
1367 808 1476 874 verbis

300 913 405 993 γλυκὺ
429 912 550 996 πικρὸν
577 911 763 994 opinionem
787 933 880 975 suam
904 911 1050 976 evincere
1078 911 1129 975 illi
1151 918 1325 996 nequeunt.
1371 913 1418 978 At
1441 914 1478 979 in

300 1040 338 1082 eo
362 1019 512 1083 nituntur
536 1020 620 1102 quod
645 1019 755 1102 paullo
779 1022 856 1103 post
880 1019 992 1084 eadem
1015 1019 1050 1082 in
1073 1019 1222 1084 oratione
1246 1017 1335 1108 (pag.
1356 1021 1419 1087 188
1430 1019 1476 1108 A)

300 1125 459 1210 neglectis
483 1126 618 1190 vocibus
643 1129 747 1208 γλυκὺ
770 1127 890 1208 πικρὸν
913 1126 1036 1212 legitur
1063 1124 1133 1191 ἐπεὶ
1160 1124 1215 1193 καὶ
1242 1127 1262 1210 ἡ
1286 1138 1353 1192 τῶν
1379 1128 1477 1215 ὡρῶν

300 1242 361 1297 τοῦ
390 1231 544 1298 ἐνιαυτοῦ
572 1233 730 1309 σύστασις
758 1234 860 1316 μεστή
888 1231 978 1298 ἐστιν
1011 1232 1207 1319 ἀμφοτέρων
1231 1235 1361 1299 τούτων
1392 1232 1477 1320 (scil.

301 1337 460 1424 ἐρώτων),
478 1336 533 1403 καὶ
552 1337 687 1403 ἐπειδὰν
706 1335 767 1422 μὲν
780 1339 864 1423 πρὸς
877 1340 1005 1423 ἄλληλα
1021 1349 1081 1404 τοῦ
1095 1343 1236 1424 κοσμίου
1254 1342 1336 1426 τύχῃ
1355 1344 1479 1426 ἔρωτος

301 1445 321 1509 ἃ
345 1455 408 1510 νῦν
432 1446 474 1528 δὴ
498 1443 562 1527 ἐγὼ
586 1448 702 1528 ἔλεγον
725 1444 808 1532 (scil.
832 1465 907 1531 pag.
927 1445 990 1511 186
1005 1445 1065 1531 D),
1091 1447 1189 1511 τότε
1217 1449 1326 1531 θερμὰ
1354 1445 1408 1513 καί
1436 1449 1478 1512 τὰ

299 1553 411 1637 ψυχρὰ
443 1549 498 1616 καὶ
530 1551 612 1637 ξηρὰ
644 1550 699 1616 καὶ
726 1547 829 1637 ὑγροί,
859 1549 915 1616 καλ
947 1551 1112 1637 ἁρμονίαν
1143 1551 1198 1618 καλ
1230 1563 1349 1639 κρᾶσιν
1383 1555 1478 1640 λάβῃ.

302 1657 365 1723 Sed
402 1665 490 1723 rccte
518 1657 687 1744 Rettigius
720 1656 847 1744 (Ptoios
874 1658 1058 1741 Symposion
1090 1651 1218 1743 ινλιίᾶνί,
1250 1661 1347 1726 Hodie
1376 1659 1478 1748 1876)

300 1765 431 1830 nonnisi
450 1765 489 1829 de
509 1765 585 1828 anni
599 1764 802 1848 temporibus
821 1765 1066 1849 quadripertitis
1082 1768 1180 1831 verba
1198 1768 1252 1832 hic
1271 1767 1342 1832 fieri
1356 1772 1479 1833 monet.

300 1871 472 1937 Praeterea
501 1894 582 1956 quae
610 1872 645 1935 in
668 1872 740 1956 ipsa
763 1893 836 1957 pag.
863 1871 966 1936 1861)
995 1872 1158 1937 adduntur
1180 1874 1280 1938 verba
1307 1874 1478 1939 πάντατὰ

300 1988 437 2045 τοιαῦτα
456 2000 585 2044 omnem
603 1978 867 2062 interpolationis
890 1977 1108 2063 suspicionem
1129 1979 1332 2065 submovent,
1357 1981 1478 2066 quippe

301 2109 383 2169 quae
411 2085 681 2171 Hippocraticam
711 2085 892 2150 doctrinam
923 2084 977 2149 hic
1008 2108 1074 2149 non
1107 2085 1264 2150 delineari
1297 2087 1478 2152 clarissime

302 2195 484 2258 ostendant

389 2300 480 2365 Haec
503 2300 607 2385 igitur
631 2300 730 2364 verba
752 2300 806 2364 δεῖ
826 2301 889 2384 γὰρ
913 2300 955 2383 δὴ
980 2321 1049 2384 sqq.
1074 2299 1222 2384 Rettigio
1250 2301 1411 2385 probante
1435 2302 1476 2367 ab

300 2405 498 2473 Alcmaeone
522 2407 681 2492 originem
706 2405 837 2470 duxisse
857 2405 1000 2471 Zellerus
1020 2406 1149 2472 conicit.
1190 2405 1300 2490 Atque
1319 2409 1477 2492 antiquis-

301 2515 401 2579 simae
426 2519 512 2580 certe
537 2513 717 2598 sapientiae
745 2513 799 2577 hic
822 2513 925 2578 latere
955 2512 1097 2598 vestigia
1123 2513 1194 2596 ipse
1218 2512 1314 2580 Plato
1338 2515 1477 2580 dilucide

301 2621 475 2705 profitetur
494 2618 597 2685 hisce:
620 2620 751 2695 τούτοις
774 2614 804 2683 δ’
828 2616 1019 2702 succensete
1042 2621 1148 2704 ἔρωτα
1170 2617 1346 2704 ἐμποιῆσαι
1364 2621 1383 2688 ό
1401 2621 1478 2705 ἡμί-

300 2750 394 2813 τερος
421 2732 587 2813 πρόγονος
609 2724 805 2809 Ἀσκλιμιιὸς
833 2724 879 2812 (h.
902 2748 927 2790 e.
951 2725 1050 2810 prisci
1074 2723 1205 2813 medici)
1234 2729 1294 2811 τὴν
1317 2726 1476 2814 ἡμετέραν

304 2833 483 2918 συνέστησε
503 2834 630 2919 τέχνην.
665 2832 727 2897 Sed
745 2854 824 2896 num
844 2833 913 2916 ipse
933 2831 1028 2897 Plato
1048 2833 1260 2916 antiquorum
1279 2834 1473 2900 medicorum

300 2940 394 3006 libris
423 2963 501 3006 usus
525 2941 582 3025 sit,
611 2940 707 3022 plane
736 2939 871 3003 dubium
899 2939 980 3003 mihi
1008 2940 1144 3005 videtur.
1190 2940 1325 3006 Etenim
1347 2945 1396 3006 est
1417 2939 1475 3005 ubi

299 3048 396 3132 plane
416 3048 551 3112 eandem
570 3051 768 3112 sententiam
781 3046 902 3111 referat
920 3051 958 3110 ut
977 3047 1155 3130 aequalis
1175 3047 1342 3114 cuiusdam
1361 3047 1475 3113 medici

300 3153 410 3242 (Lysis
434 3156 499 3221 215
513 3155 573 3240 E):
600 3156 664 3238 ἤδη
693 3151 775 3221 ποτέ
798 3177 858 3219 του
885 3153 1013 3234 ἤκουσα
1040 3152 1195 3237 λέγοντος
1209 3205 1215 3218 .
1231 3206 1238 3218 .
1253 3205 1260 3218 .
1276 3205 1282 3218 .
1299 3153 1477 3238 ἐπιθυμεῖν

300 3272 359 3327 τοῦ
382 3263 536 3327 τοιούτου
560 3257 644 3348 (scil.
663 3271 724 3325 τοῦ
743 3256 912 3347 ἐναντίου)
931 3258 1081 3342 ἕκαστον,
1104 3258 1176 3325 ἀλλ’
1199 3260 1240 3327 οὐ
1261 3270 1321 3325 τοῦ
1343 3261 1477 3342 ὁμοίου·

299 3370 336 3433 τὸ
361 3365 421 3451 μὲν
444 3369 506 3453 γὰρ
531 3367 633 3451 ξηρὸν
655 3367 772 3453 ὑγροῦ,
795 3367 831 3430 τὸ
856 3362 893 3431 δὲ
915 3369 1046 3451 ψυχρὸν
1068 3373 1209 3451 θερμοῦ,
1233 3370 1271 3433 τὸ
1295 3363 1332 3432 dt
1354 3369 1476 3453 πικρὸν

298 3473 453 3559 γλυκέος,
479 3476 517 3539 τὸ
541 3471 578 3538 dt
606 3473 665 3552 ὀξὺ
689 3470 845 3558 ἀμβλέος,
872 3475 910 3538 τὸ
939 3469 976 3537 dl
1003 3474 1102 3538 κενὸν
1129 3474 1328 3558 πληρώσεως
1355 3472 1411 3539 καὶ
1439 3476 1476 3539 τὸ

298 3587 421 3667 πλῆρες
438 3581 608 3657 κενώσεως
626 3579 681 3645 καὶ
699 3574 801 3645 τᾶλλα
821 3579 908 3645 οὕτω
927 3580 1009 3644 κατὰ
1026 3580 1087 3644 τὸν
1101 3579 1204 3646 αὐτὸν
1219 3579 1363 3666 λόγονῆ)
1391 3579 1478 3656 Quin

299 3690 414 3753 tritam
438 3712 475 3755 ac
499 3688 668 3774 vulgarem
691 3687 817 3771 priscos
842 3688 927 3769 apud
951 3687 1094 3751 medicos
1117 3688 1201 3752 hanc
1224 3688 1326 3752 fuisse
1350 3693 1477 3753 senten-

299 3798 380 3861 tiam
404 3801 519 3861 auctor
542 3796 580 3861 de
603 3795 712 3879 prisca
736 3794 897 3859 medicina
919 3793 1015 3877 plane
1038 3815 1075 3858 ac
1094 3793 1233 3859 dilucide
1257 3794 1402 3859 ostendit
1423 3794 1477 3858 his

301 3904 413 3989 (Hipp.
439 3901 569 3988 116,2
594 3901 815 3988 Kflhlewein):
843 3909 947 3965 ταῦτα
974 3901 1038 3985 γὰρ
1066 3898 1179 3984 ἑώρων
1207 3899 1264 3965 καὶ
1291 3899 1328 3966 ἕν
1350 3909 1396 3989 τῷ
1420 3900 1477 3965 ἀν-

298 4013 425 4098 θρώπῳ
455 4009 590 4075 ἐνεόντα
617 4007 672 4074 καὶ
700 4010 926 4092 λυμαινόμενα
953 4007 1012 4072 τὸν
1035 4008 1227 4092 ἄνθρωπον.
1273 4009 1324 4073 ἔνι
1352 4008 1415 4093 γὰρ
1441 4006 1478 4073 ἐν

298 4119 481 4206 ἀνθρώπῳ·
500 4114 555 4182 καλ
587 4115 736 4200 ἁλμυρὸν
769 4111 824 4180 καὶ
855 4114 976 4199 πικρὸν
1007 4112 1062 4178 καὶ
1094 4117 1200 4197 γλυκὺ
1236 4111 1292 4179 καλ
1325 4114 1384 4192 ὀξὺ
1421 4113 1477 4179 καὶ

388 4371 415 4435 1)
435 4368 476 4420 De
491 4381 606 4436 corpore
620 4364 743 4419 humano
762 4363 833 4418 haec
847 4361 904 4417 dici
918 4362 1000 4417 dccet
1019 4380 1083 4417 cum
1100 4365 1256 4418 ceterorum
1272 4362 1476 4418 contrariorum

300 4459 425 4513 delectus
444 4457 505 4510 tum
522 4455 661 4526 πλήρωσις
680 4457 709 4509 et
727 4452 851 4515 κένωσις.
