3358 5132
703 374 920 437 „97-

227 537 298 597 tum
321 532 356 596 iu
379 531 547 596 Menoneis
571 533 731 618 excerptis
759 532 845 599 haud
868 555 971 617 pauca
993 537 1125 600 exstant
1155 535 1193 601 de
1218 538 1407 602 morborum

230 639 356 724 origine
385 638 519 724 placita,
551 643 662 704 tamen
695 639 773 725 quid
806 641 1026 725 uuusquisque
1056 641 1201 707 medicus
1233 665 1273 707 ex
1304 643 1407 728 ipsius

227 745 435 811 Alcmaeouis
450 744 535 811 libro
550 746 707 832 hauserit,
720 747 897 812 monstrari
912 769 1007 832 posse
1022 748 1168 832 despero.
1202 748 1265 813 Per
1284 750 1407 833 species

229 858 338 918 autem
362 875 417 918 eoa
441 853 583 918 dividere
608 853 743 934 silicet,
768 853 949 938 compluria
970 854 1111 919 eradunt
1135 855 1335 921 medicorum
1355 877 1408 941 ge-

228 982 321 1044 nera,
350 982 432 1043 quae
461 963 662 1044 quantopere
685 959 916 1026 Alcmaeonem
944 960 1075 1025 imitata
1098 961 1179 1044 sint,
1208 967 1407 1047 quantopere

229 1067 270 1131 ab
294 1088 332 1131 eo
356 1067 516 1151 recedant,
540 1066 635 1132 facile
662 1071 765 1151 patet.

319 1173 420 1238 Primi
445 1172 688 1238 accuratissime
710 1172 942 1239 Alcmaeonem
971 1175 1075 1238 secuti
1103 1178 1136 1239 et
1163 1176 1227 1260 ipsi
1256 1198 1406 1240 sucorum

230 1279 473 1345 multitudinem
501 1279 641 1366 professi
669 1285 759 1366 sunt,
787 1283 946 1364 quantum
972 1281 1138 1365 novimus,
1167 1281 1407 1365 llryximachus

231 1385 420 1452 Platonicus
439 1385 529 1473 (pag.
552 1387 608 1472 79)
627 1391 725 1471 atque
745 1391 859 1452 auctor
877 1387 915 1451 de
934 1387 1043 1472 prisca
1061 1389 1223 1453 medicina
1241 1386 1330 1474 (pag.
1350 1386 1407 1475 80)

230 1494 348 1578 quique
372 1516 446 1577 eum
469 1494 668 1578 praecedunt
690 1490 742 1580 (οί
761 1491 923 1581 παλαιοί),
946 1494 1033 1558 iuter
1052 1516 1133 1578 quos
1152 1495 1262 1560 nescio
1287 1517 1328 1560 au
1351 1496 1407 1559 ha-

229 1600 353 1665 bendus
372 1602 416 1666 sit
434 1600 649 1686 Empedocles
668 1596 757 1687 (pag.
778 1598 845 1686 78).
884 1600 997 1665 Etiam
1015 1599 1166 1666 Platonis
1191 1602 1241 1666 vel
1261 1599 1407 1667 Socratis

229 1708 431 1792 temporibus
462 1707 523 1773 hos
557 1707 699 1773 medicos
736 1707 886 1772 floruisse
920 1706 1049 1792 Lysidis
1083 1730 1211 1794 quoque
1244 1708 1408 1774 Platonici

228 1835 303 1900 pag.
325 1815 433 1880 2le
457 1836 518 1880 nos
541 1816 636 1881 docet
664 1811 754 1900 (pag.
773 1814 841 1899 80).
887 1813 949 1889 Qui
978 1836 1090 1880 omues
1119 1815 1283 1899 simplices
1312 1836 1408 1880 sucos

229 1924 267 1985 ut
290 1945 310 1986 a
331 1922 454 2006 plantis
478 1943 495 1985 e
519 1923 599 2006 solo,
622 1922 670 1986 itu
694 1921 734 1985 ab
757 1920 945 1986 hominibus
969 1921 1092 1986 scibis
1116 1921 1243 1986 extrahi
1268 1944 1407 2005 semper-

230 2049 292 2112 que
314 2027 505 2093 hominibus
532 2029 638 2092 inesse
666 2049 770 2111 neque
799 2027 978 2111 quidquam
1005 2049 1122 2094 nocere
1150 2029 1214 2093 uisi
1237 2027 1409 2092 harmonia

231 2136 364 2200 turbata
387 2157 462 2200 cum
485 2134 682 2200 Alcmaeone
707 2135 851 2199 credunt.

319 2241 389 2307 Iam
418 2242 536 2326 reliqui
558 2242 676 2307 medici
704 2241 840 2327 excoqui
870 2243 986 2326 quovis
1015 2243 1111 2307 modo
1139 2246 1257 2326 putant
1285 2265 1301 2306 e
1326 2243 1407 2307 cibis

231 2372 408 2435 eorumque
427 2350 513 2414 sucis
532 2349 737 2433 simplicibus
755 2349 909 2414 humores
929 2349 1088 2433 quosdam
1103 2348 1274 2414 homiuum
1289 2350 1408 2414 bestia-

233 2479 369 2540 rumque
392 2456 552 2541 prcprios,
575 2479 594 2520 a
612 2456 733 2540 plantis
753 2460 862 2520 autem
882 2453 1047 2542 alienos¹)‚
1070 2455 1139 2521 scil.
1158 2456 1287 2541 φλέγμα
1306 2457 1409 2541 χολήν

231 2569 305 2646 etc,
334 2585 473 2648 quorum
500 2563 590 2627 varia
613 2562 820 2649 distinguunt
848 2584 975 2649 genera.
983 2559 1010 2648 2)
1056 2561 1119 2637 Qui
1143 2585 1254 2626 omnes
1283 2567 1408 2628 certum

230 2670 405 2735 humorum
427 2692 608 2754 numerum,
630 2670 681 2734 vel
701 2670 764 2734 duo
788 2670 838 2734 vel
858 2673 925 2733 tres
950 2669 1000 2733 vel
1020 2672 1186 2753 quattuor,
1210 2669 1250 2734 ad
1274 2669 1406 2733 morbos

231 2777 419 2843 efficiendos
442 2778 550 2842 valere
573 2781 701 2862 putant.
747 2777 856 2861 Atque
879 2776 982 2861 χολὴν
1008 2780 1041 2840 et
1064 2773 1195 2859 φλέγμα
1219 2776 1408 2840 morborum

232 2907 346 2949 causas
369 2884 483 2950 dicunt
507 2889 656 2949 auctores
680 2884 718 2948 de
743 2884 867 2949 morbis
886 2883 901 2946 I
921 2880 960 2969 (c.
981 2885 1001 2948 2
1021 2913 1063 2936 =
1082 2881 1130 2947 VI
1152 2883 1224 2965 142,
1245 2882 1286 2948 13
1305 2880 1356 2970 L.)
1377 2887 1409 2946 et

232 2991 270 3054 de
290 2991 459 3054 affectibus
477 2988 517 3075 (c.
536 2993 552 3053 1
571 2987 815 3075 =V1208‚7)
834 3012 892 3054 nec
911 3012 978 3055 non
996 3012 1035 3053 ex
1053 2989 1221 3055 Menoneis
1240 2989 1408 3073 Dexippus

233 3093 308 3181 (col.
322 3094 388 3159 XII
402 3095 451 3180 9);
469 3095 572 3180 χολὴν
591 3100 721 3179 φλέγμα
740 3087 820 3178 αἷμα
835 3093 1001 3159 Philolaus
1018 3092 1160 3181 (Menon.
1176 3096 1236 3161 col.
1246 3095 1358 3160 XVIII
1371 3093 1407 3180 9)

232 3206 266 3266 et
289 3205 404 3268 auctor
426 3199 478 3289 (ut
500 3199 644 3289 videtur)
668 3202 706 3266 de
726 3201 878 3266 hebdom.
901 3200 1282 3285 (αξιοι-17111672),
1305 3202 1409 3286 χολὴν

232 3306 363 3394 φλέγμα
377 3299 457 3392 αἷμα
471 3309 564 3393 ὕδωρ
580 3308 646 3392 (vel
659 3306 793 3393 ccccc)
809 3308 847 3372 de
862 3308 986 3373 morbis
996 3307 1045 3373 IV
1055 3305 1096 3394 (e.
1107 3310 1149 3373 32
1161 3339 1204 3362 =
1215 3306 1276 3371 Vll
1288 3305 1363 3392 542,
1374 3304 1409 3393 6)

322 3523 350 3591 1)
382 3521 482 3590 Itaque
510 3521 608 3575 borum
641 3519 672 3573 in
699 3519 778 3575 libris
805 3535 869 3574 raro
897 3520 929 3574 fit
959 3520 1066 3575 mentio
1098 3519 1268 3589 qualitatum
1295 3517 1407 3574 illarum

234 3609 526 3665 Alcmaeonianarum:
551 3609 585 3664 dc
608 3609 666 3664 flat.
685 3626 708 3663 c.
730 3614 763 3662 10
782 3609 831 3676 (VI
852 3613 911 3677 106,
930 3615 948 3662 4
966 3609 1008 3680 L.)
1032 3606 1142 3680 φλέγμα
1165 3605 1274 3678 δριμέα
1298 3614 1409 3677 χομοῖσι

232 3696 415 3770 μεμιγμένον,
434 3699 468 3754 de
488 3697 564 3754 alim.
584 3715 607 3754 c.
623 3704 658 3753 25
677 3699 725 3768 (IX
746 3703 811 3766 106,
827 3699 920 3767 121..)
939 3694 970 3754 ἐν
989 3697 1139 3768 φλέγματι,
1159 3693 1190 3752 ἐν
1209 3701 1290 3768 χολῇ,
1310 3692 1341 3751 ἐν
1360 3718 1409 3766 χο-

232 3796 340 3858 potam
355 3789 390 3842 de
403 3788 569 3844 hebdomo.
581 3787 762 3857 10(V111638
778 3790 857 3857 extr.)
874 3789 1030 3855 ‘humores
1045 3786 1168 3858 sanguis,
1184 3787 1277 3842 colera
1291 3787 1408 3842 amara’.

232 3878 316 3933 Plato
333 3878 416 3948 (Tim.
431 3883 466 3932 82
476 3877 510 3947 El)
527 3877 691 3946 sanguinem
710 3875 867 3947 occuperque,
888 3874 927 3932 ἔτι
942 3874 974 3931 cl
989 3877 1095 3944 ὀξείαις
1108 3875 1157 3932 καὶ
1171 3875 1307 3946 ἆλμνραῖς
1321 3874 1409 3930 δονά-

232 3983 312 4037 μεοιν
330 3966 543 4037 ποικιλλόμενον
562 3983 623 4022 esse
641 3967 719 4024 dicit.

323 4058 352 4124 λ)
369 4056 452 4111 Plato
467 4057 539 4111 Tim.
555 4055 625 4112 880
644 4055 679 4111 da
698 4054 808 4113 colerae
826 4056 975 4126 generibus
993 4055 1160 4126 quibusdam
1180 4053 1292 4110 locutus
1311 4055 1359 4108 καλ
1378 4055 1409 4109 τὸ

234 4141 285 4214 μὲν
310 4145 408 4201 κοινὸν
432 4143 522 4216 ὄνομα
544 4153 614 4201 πᾶσι
636 4146 745 4208 τούτοις
769 4143 788 4212 ἢ
810 4165 885 4208 τινες
908 4143 1011 4216 ἰατρῶν
1033 4163 1089 4200 πον
1113 4142 1198 4214 χολὴν
1223 4137 1409 4212 ἐπωνόμασαν

233 4230 323 4301 haul
340 4255 382 4298 ιις
406 4230 445 4290 ὧν
469 4234 590 4298 δυνατὸς
614 4233 654 4298 εἰς
675 4234 765 4291 πολλὰ
788 4232 839 4304 μὲν
862 4233 911 4289 καὶ
934 4233 1056 4304 ἀνόμοια
1080 4230 1206 4305 βλέπειν,
1230 4231 1301 4302 ὁρᾶν
1325 4230 1357 4286 δὲ
1380 4227 1410 4286 ἐν

233 4322 328 4386 αὐτοῖς
344 4322 378 4378 ἓν
397 4321 478 4393 γένος
497 4319 563 4380 ἐνὸν
577 4323 659 4392 ἄξιον
674 4320 836 4394 ἐπωνυμίας
848 4330 943 4378 πᾶσιν.
972 4322 1011 4378 cf.
1027 4323 1111 4392 Hipp.
1127 4322 1153 4376 d.
1168 4321 1260 4376 effect.
1274 4321 1325 4375 iut.
1342 4337 1363 4375 c,
1376 4325 1411 4373 20

233 4408 295 4478 (VII
313 4417 379 4482 214,
400 4417 458 4482 18)=
480 4413 547 4482 περὶ
569 4423 620 4470 τοῦ
639 4411 798 4484 φλέγματος
820 4410 870 4474 τὰς
888 4409 975 4474 αὐτὰς
991 4410 1104 4481 γνώμας
1127 4407 1194 4479 ἔχω,
1218 4407 1252 4472 ἃς
1275 4408 1324 4464 καὶ
1346 4407 1412 4477 περὶ

232 4503 321 4568 χολῆς,
341 4498 421 4565 ἰδέας
440 4503 526 4556 αὐτοῦ
544 4501 649 4566 πολλὰς
669 4500 751 4559 εἶναι

285 4597 443 4652 Ἦιοῐιιλοπ,
460 4603 489 4644 dc
505 4601 645 4646 Alcmaeone
659 4600 802 4644 cratonum.
1180 4592 1194 4646 I
