3358 5132
777 400 996 463 ,98-

299 565 332 625 et
355 560 394 623 de
418 580 525 645 gener.
549 558 592 644 (o.
613 562 633 626 3
654 590 696 612 =
715 558 779 623 VII
797 560 873 643 474,
893 557 942 645 7),
966 550 1046 643 αἷμα
1065 561 1168 644 χολὴν
1191 568 1320 642 πνεῦμα
1343 557 1475 644 φλέγμα

302 667 502 732 Menecrates
528 666 626 750 (Men.
651 667 709 731 ccl.
734 665 813 730 XIX
840 663 908 752 11),
936 675 1065 749 πνεῦμα
1093 664 1223 750 φλέγμα
1251 669 1353 751 χολήν
1379 668 1476 732 Plato

298 774 381 838 Tim.
400 796 472 861 pag.
492 775 535 839 84
551 772 595 857 1);
619 764 711 857 αἷμα,
733 770 875 857 φλέγμα,
899 776 1002 857 χολὴν
1025 771 1196 856 μέλαιναν,
1219 775 1322 857 χολὴν
1346 775 1476 856 ξανθήν

299 886 414 946 auctor
433 882 472 945 de
490 886 556 945 nat.
575 882 661 945 horn.
682 879 944 964 (0.4=VI38,
964 881 1019 963 193
1043 902 1068 944 c.
1087 878 1294 961 5=V140,
1313 881 1351 944 16
1370 878 1421 967 L.)
1441 886 1476 945 et

298 988 443 1072 Polybus
467 985 566 1073 (Men.
586 987 645 1052 col.
660 986 738 1052 XIX
753 986 797 1072 b).
806 984 832 1073 1)
873 985 1115 1052 Posterioribus
1139 991 1248 1051 autem
1271 986 1475 1070 temporibus

298 1091 399 1177 dyade
433 1116 470 1158 ac
497 1093 601 1158 triade
631 1095 749 1178 spretis
781 1095 852 1158 sola
875 1094 1054 1159 increbruit
1076 1091 1196 1177 Polybi
1224 1097 1336 1158 tetras.
1382 1092 1476 1168 Quod

297 1200 371 1263 inde
395 1201 605 1284 repetendum
634 1201 774 1282 videtur,
803 1202 890 1285 quod
919 1223 991 1266 cum
1020 1220 1115 1266 sucos
1143 1199 1381 1283 distinguerent
1407 1222 1475 1265 non

298 1306 404 1374 solum
428 1308 588 1391 χρώμασι,
611 1329 723 1372 verum
747 1308 847 1371 etiam
876 1315 920 1395 τῷ
944 1314 1059 1395 θερμῷ
1088 1305 1143 1371 καὶ
1166 1316 1283 1395 ψυχρῷ
1309 1305 1363 1372 καὶ
1385 1305 1474 1393 ξηρῷ

296 1411 351 1478 καὶ
366 1414 457 1500 ὑγρῷ
477 1410 530 1500 (de
545 1419 611 1478 nat.
626 1413 718 1498 pueri
738 1437 763 1479 c.
779 1413 982 1498 5=V142,
998 1413 1041 1500 4),
1063 1419 1096 1477 et
1114 1413 1305 1500 sanguinem
1325 1413 1474 1497 calidum,

297 1520 420 1585 coleras
435 1520 570 1605 tepidas,
584 1521 738 1605 pituitam
754 1518 902 1606 (excepto
913 1519 1077 1603 Philolac)
1095 1519 1247 1606 frigidam
1263 1517 1475 1606 censerentl),

297 1649 313 1690 e
333 1626 547 1711 qualitatibus
566 1627 785 1692 elementariis
804 1649 899 1691 sucos
920 1631 1075 1711 quattuor
1089 1626 1257 1691 elementis
1276 1627 1472 1711 respondere

295 1733 509 1798 coniciebant.
543 1734 636 1810 Quod
657 1756 731 1797 cum
749 1734 816 1797 iam
833 1755 872 1797 ex
886 1733 1076 1798 Aristotelis
1092 1729 1180 1819 (pag.
1192 1730 1259 1819 79),
1278 1732 1473 1798 Menecratis

295 1838 395 1926 (Men.
420 1841 479 1904 col.
504 1839 583 1905 XIX
609 1836 677 1925 11),
705 1839 912 1904 Philistionis
941 1840 1098 1905 doctrinis
1127 1840 1265 1924 eluceat,
1293 1841 1473 1906 clarissime

296 1947 438 2012 ostendit
458 1945 601 2012 Galenus
625 1948 663 2011 de
682 1947 764 2030 plac.
783 1945 881 2031 Hipp.
902 1952 935 2011 et
956 1946 1040 2010 Plat.
1059 1967 1132 2032 pag.
1153 1948 1217 2012 679
1237 1945 1369 2010 Miiller:
1392 1946 1474 2032 πυρὶ

295 2050 356 2135 μέν
374 2051 541 2136 ἀνάλογον
559 2053 579 2136 ἡ
599 2052 706 2137 ξανθὴ
726 2054 818 2138 χολή,
841 2053 862 2135 ἡ
882 2050 918 2117 dl
938 2051 1077 2136 μέλαινα
1095 2062 1134 2137 τῇ
1154 2062 1206 2138 γῇ,
1231 2055 1268 2118 τὸ
1288 2050 1325 2118 δέ
1343 2053 1474 2138 φλέγμα

294 2169 339 2246 τῷ
366 2160 472 2224 ὕδατι.
519 2158 573 2224 καὶ
603 2161 657 2224 διὰ
686 2169 783 2224 τοῦτο
811 2161 920 2243 θερμὴ
949 2156 1010 2243 μὲν
1042 2158 1097 2224 καὶ
1126 2159 1207 2245 ξηρὰ
1239 2162 1301 2243 τὴν
1329 2161 1474 2244 δύναμίν

297 2265 388 2330 ἐστιν
411 2267 431 2349 ἡ
452 2265 559 2348 ξανθὴ
582 2269 676 2352 χολή,
698 2267 848 2350 καθάπερ
873 2268 910 2330 τὸ
929 2275 1007 2352 πῦρ,
1030 2267 1140 2351 ψυχρὰ
1162 2263 1199 2330 bl
1217 2266 1238 2349 ἡ
1257 2265 1396 2350 μέλαινα
1418 2266 1474 2331 καὶ

298 2372 379 2456 ξηρὰ
410 2376 646 2457 παραπλησίως
673 2381 711 2456 τῇ
740 2381 796 2457 γῇ,
829 2374 866 2437 τὸ
896 2367 933 2437 db
960 2370 1090 2458 φλέγμα
1117 2375 1247 2458 ψυχρὸν
1280 2371 1335 2437 καὶ
1366 2374 1473 2458 ὑγρὸν

296 2479 405 2563 ὥσπερ
429 2482 466 2544 τὸ
489 2479 590 2562 ὕδωρ.

384 2604 528 2680 Quorum
560 2603 707 2688 plerique
741 2628 760 2669 a
791 2605 938 2689 corporis
971 2605 1109 2690 singulis
1142 2606 1291 2689 partibus
1325 2605 1472 2689 singulos

297 2712 450 2776 humores
479 2711 616 2795 excoqui
646 2712 757 2776 eodem
786 2712 882 2776 modo
915 2715 1047 2796 putasse
1078 2711 1229 2777 videntur
1261 2731 1325 2795 quc
1358 2715 1473 2777 auctor

295 2819 332 2883 de
352 2819 455 2883 morb.
473 2816 521 2882 IV
540 2814 582 2904 (c.
601 2819 643 2883 33
660 2848 702 2870 =
718 2816 782 2881 VII
802 2818 878 2902 544,
898 2821 915 2883 ‘l
937 2818 995 2903 L.)‚
1015 2819 1070 2903 qui
1090 2820 1296 2884 stomachum
1315 2823 1474 2904 quattuor
1510 2843 1513 2848 ¹

296 2947 448 2990 sucorum
480 2924 628 2989 fontibus
662 2947 720 2988 sua
748 2924 863 3008 cuique
897 2926 1040 2990 tribuere
1073 2926 1156 2990 vult:
1188 2934 1233 3012 τῷ
1267 2922 1327 3009 μέν
1359 2926 1470 3010 αἵματι

294 3031 314 3114 ο)
338 3032 456 3114 καρδίη
485 3033 573 3115 πηγή
598 3029 681 3114 ἐστι,
709 3040 754 3118 τῷ
783 3027 820 3095 δέ
843 3030 1003 3117 φλέγματι
1031 3033 1051 3116 ἡ
1075 3036 1218 3117 κεφαλή,
1245 3041 1290 3119 τῷ
1315 3029 1352 3096 db
1374 3033 1473 3098 lidan

294 3137 312 3202 ὁ
337 3141 459 3222 σπλήν,
491 3147 529 3223 τῇ
554 3134 590 3202 δὲ
613 3143 694 3223 χολῇ
718 3140 755 3204 τὸ
779 3143 901 3223 χωρίον
924 3141 961 3204 rb
986 3136 1038 3203 at
1062 3147 1106 3226 τῷ
1130 3139 1238 3221 ἥπατι.
1284 3138 1395 3214 Qualis
1419 3140 1472 3204 his

295 3245 376 3309 locis
395 3245 454 3309 fiat
474 3246 697 3331 commutati0‚
716 3245 810 3310 dccet
824 3245 1021 3310 Aristoteles
1040 3245 1117 3311 Met.
1138 3246 1168 3309 H
1185 3247 1205 3309 4
1223 3269 1254 3330 p.
1273 3247 1358 3311 1044
1377 3269 1397 3311 a
1417 3246 1472 3312 18:

294 3351 481 3435 φλέγματος
504 3351 573 3417 ἐστι
595 3354 708 3436 πρώτη
735 3352 800 3434 ὕλη
823 3355 863 3416 τὰ
887 3352 1008 3435 γλυκέα
1032 3353 1052 3436 λ)
1075 3353 1213 3438 λιπαροί,
1239 3358 1340 3438 χολῆς
1367 3350 1404 3417 db
1431 3355 1472 3418 τὰ

294 3460 393 3540 πικρὰ
426 3457 446 3540 ἣ
480 3456 550 3523 ἀλλ’
584 3456 713 3545 affl),
747 3482 810 3544 quc
845 3459 883 3524 de
917 3459 1100 3525 accuratius
1133 3460 1242 3544 paullo
1274 3465 1351 3545 post
1383 3458 1472 3547 (21):

294 3563 424 3648 φλέγμα
448 3561 623 3651 (γίγνεται)
653 3563 688 3628 έκ
717 3568 858 3651 λιπαροῦ
886 3564 940 3630 καὶ
969 3565 1120 3650 γλυκέος,
1148 3568 1180 3630 εἰ
1204 3569 1242 3633 τὸ
1266 3568 1405 3650 λιπαρὸν
1435 3565 1472 3631 έκ

238 3713 241 3723 -
294 3670 440 3754 γλυκέος.
490 3671 551 3736 His
590 3694 717 3756 quoque
755 3673 787 3736 in
817 3673 1011 3737 humoribus
1049 3673 1154 3738 omnis
1187 3677 1334 3757 potestas
1371 3695 1471 3757 penes

385 3901 410 3969 1)
433 3900 494 3954 Nisi
519 3899 580 3970 ipre
604 3899 727 3969 Polybus
751 3903 849 3956 auctor
872 3903 915 3956 est
938 3901 1003 3956 libri
1027 3902 1061 3955 de
1084 3907 1142 3958 nat.
1161 3903 1234 3957 bom.
1267 3901 1339 3956 Nam
1364 3901 1470 3972 Polybo

293 3987 472 4044 tribuendam
492 4006 552 4044 essa
572 4007 706 4044 venarum
726 3990 805 4044 illam
824 3990 1041 4061 descriptionem
1060 3991 1132 4046 libro
1151 3992 1186 4047 de
1203 3992 1261 4046 nat.
1280 3991 1355 4045 hom.
1374 3993 1408 4060 (ο.
1426 3996 1471 4059 11)

293 4077 432 4134 inclusam
450 4080 547 4132 narrat
564 4077 731 4135 Aristoteles
756 4081 834 4148 (hist.
854 4095 898 4134 an.
919 4080 958 4133 III
977 4086 993 4134 3
1011 4097 1075 4150 pag.
1094 4085 1144 4134 512
1165 4079 1182 4133 b
1206 4081 1261 4149 11),
1282 4079 1359 4135 cuius
1377 4079 1470 4133 verbis

294 4171 360 4222 sunt
377 4183 500 4224 consona
519 4185 591 4237 quac
610 4184 694 4238 supra
713 4167 779 4223 dixi.
818 4167 859 4223 cf.
879 4184 944 4239 pag.
960 4174 1013 4224 100
1031 4170 1125 4224 annot.
1142 4176 1165 4224 1.

381 4260 409 4327 8)
428 4257 469 4311 Dc
488 4258 576 4313 morb.
592 4257 654 4312 124
672 4256 722 4326 (VI
738 4262 797 4326 188,
815 4262 847 4309 19
862 4256 917 4327 L.);
936 4257 971 4312 de
990 4261 1048 4312 nat.
1063 4258 1137 4312 horn.
1155 4265 1169 4313 7
1186 4257 1234 4327 (VI
1249 4263 1291 4325 46,
1309 4262 1354 4323 11;
1370 4261 1413 4326 48,
1428 4258 1469 4326 3);

291 4346 464 4402 Menecrates
483 4346 566 4414 (Men.
581 4346 599 4403 l.
610 4347 648 4414 1.).

381 4438 410 4505 3)
431 4435 567 4491 Similiter
585 4436 684 4492 auctor
701 4437 736 4491 de
755 4436 846 4492 affect.
862 4440 895 4490 55
916 4436 965 4505 (VI
985 4441 1049 4504 266,
1069 4442 1084 4490 2
1105 4436 1160 4505 L.):
1183 4434 1219 4488 τὰ
1238 4434 1343 4504 λιπαρὰ
1366 4433 1470 4488 καὶτὰ

291 4527 377 4578 πίονα
396 4524 445 4578 καὶ
463 4524 499 4578 τὰ
517 4522 620 4594 γλυκέα
638 4527 775 4595 ὑγραοίηυ
794 4525 842 4579 καὶ
861 4523 972 4595 φλέγμα
990 4522 1114 4594 παρέχει.
