3358 5132
686 341 904 410 ,95-

298 501 361 573 Sed
393 529 460 572 non
488 503 675 572 Philolaum
708 506 827 588 solum,
860 528 972 572 verum
1004 529 1044 572 ne
1076 505 1219 590 reliquos
1253 505 1382 589 quidem

69 631 77 650 ·
208 613 438 681 Crotonienses
462 613 604 679 medicos
628 613 936 698 aphilosophorum
954 611 1051 698 nugis
1074 613 1272 679 abstinuisse
1295 613 1382 678 lucu·

207 720 387 786 lentissime
416 723 551 805 apparet
578 741 617 784 ex
646 721 693 785 eis
720 742 802 805 quae
831 722 869 786 de
893 719 1044 804 Hippone
1072 725 1186 784 narrat
1214 724 1384 804 excerptor

208 827 386 892 Menoneus
411 825 485 911 (col.
505 825 551 891 Xl
571 827 615 891 22
637 848 711 912 pag.
733 827 772 890 ll
798 823 917 910 Diels):
939 823 1066 892 Ἵττιιων
1090 823 1127 892 δὲ
1151 826 1169 892 ὁ
1193 827 1384 909 Κροτωνιά-

208 958 266 1019 της
289 939 392 1000 οίεται
412 932 448 998 ἐν
467 933 546 1017 ἡμῖν
570 934 696 998 οἰκείαν
714 928 800 998 εἶναι
823 931 999 1017 ὑγρότητα,
1021 929 1099 998 καθ’
1122 933 1164 1016 ἠν
1187 931 1241 998 καλ
1265 935 1384 998 αίσθα-

208 1044 337 1124 νόμεθα
370 1037 424 1105 ιιαλ
457 1033 478 1125 ᾖ
507 1043 624 1125 ζῶμεν·
657 1039 738 1104 ὅταν
770 1034 831 1123 μὲν
860 1033 922 1104 οὑν
954 1041 1083 1117 οἰκείως
1115 1042 1171 1125 ἔχη
1200 1038 1221 1121 ἡ
1248 1040 1383 1122 τοιαύτη

208 1147 363 1232 ὑγρότης,
385 1146 529 1229 ὑγιαίνει
551 1148 589 1212 τὸ
610 1149 706 1233 ζῷον,
729 1145 809 1210 ὅταν
829 1142 866 1210 δὲ
885 1144 1111 1231 ἀναξηρανθῇ,
1134 1145 1332 1228 ἀναισθητεῖ
1350 1169 1384 1210 τε

208 1255 245 1318 τὸ
270 1255 353 1339 ζῷον
376 1251 432 1317 καὶ
455 1251 669 1335 ἀποθνήσκει.
715 1253 770 1318 διὰ
794 1253 837 1336 δὴ
861 1253 1018 1318 τοῦτοοὶ
1038 1251 1191 1335 γέροντες
1214 1251 1306 1337 ξηροὶ
1329 1250 1385 1317 καὶ

209 1358 422 1443 ἀναίσθητοι,
455 1359 506 1424 ὅτι
533 1356 633 1444 χωρὶς
664 1359 856 1443 ὑγρότητος·
890 1358 1060 1442 ἀναλόγως
1093 1360 1134 1442 δὴ
1167 1360 1207 1424 τὰ
1237 1358 1384 1442 τέλματα

209 1465 407 1550 ἀναίσθητα,
430 1465 481 1530 ὅτι
503 1466 625 1550 ἄμοιρα
648 1465 837 1550 ὑγρότητος.
878 1464 1059 1530 καὶταῦτα
1081 1461 1143 1550 μὲν
1165 1467 1241 1549 ἄχρι
1264 1466 1385 1530 τούτου

208 1575 324 1658 φησίν·
353 1571 390 1637 ἐν
417 1572 507 1661 ἄλλῳ
535 1568 572 1636 <ll
600 1574 728 1660 βυβλίῳ
757 1572 855 1648 αὑτὸς
884 1571 968 1656 ἀνὴρ
997 1569 1085 1654 λέγει
1112 1573 1173 1656 τὴν
1195 1595 1385 1657 κατωνομα-

209 1677 333 1764 σμένην
361 1678 524 1763 ὑγρότητα
552 1678 768 1762 μεταβάλλειν
796 1676 840 1743 δι’
871 1679 1062 1764 ὑπερβολὴν
1093 1682 1299 1763 θερμότητος
1330 1677 1385 1755 καὶ

209 1782 253 1850 δι’
281 1786 470 1870 ὑπερβολὴν
492 1789 698 1870 ψυχρότητος
720 1783 774 1850 καλ
798 1784 904 1861 οὑτως
925 1789 1048 1862 νόσους
1070 1785 1249 1870 ἐπιφέρειν.
1291 1810 1386 1870 μετα-

211 1892 347 1975 βάλλειν
371 1890 411 1956 όέ
427 1908 530 1976 φησιν
553 1890 657 1976 αὐτὴν
681 1891 701 1976 ἣ
725 1890 777 1956 trel
801 1893 838 1958 τὸ
857 1897 973 1958 πλεῖον
993 1893 1099 1978 ὑγρὸν
1122 1893 1142 1976 ἢ
1162 1891 1215 1958 eal
1233 1895 1271 1958 τὸ
1291 1893 1386 1977 ξηρό-

209 2021 306 2082 τερον
328 1998 349 2081 ll
373 1995 426 2062 έτιὶ
447 2000 484 2062 τὸ
503 1996 788 2084 ταχομερέστερον
812 1997 832 2081 ἢ
852 1996 904 2063 έτιλ
923 2001 961 2065 τὸ
980 1997 1276 2084 λεπτομερέστερον
1299 1994 1386 2082 liele

209 2104 310 2188 ἕτερα.
343 2102 398 2169 καὶ
415 2105 454 2170 τὸ
473 2111 581 2170 αίτιον
600 2104 704 2180 οὑτως
722 2109 909 2188 νοσολογεῑ,
926 2105 984 2182 τὰς
1003 2102 1039 2170 ol
1058 2107 1179 2183 νόσους
1197 2107 1254 2182 τὰς
1272 2129 1384 2189 γιγνο-

210 2211 311 2294 μένας
334 2210 395 2296 οὐχ
418 2210 626 2296 ὑπαγορεύει.

299 2317 401 2384 Vides
424 2318 611 2404 Hipponem
639 2341 768 2403 quoque
797 2341 867 2385 esse
896 2341 935 2383 ex
962 2318 1023 2402 eis,
1051 2320 1085 2383 in
1114 2341 1194 2404 quos
1222 2318 1387 2385 invehitur

210 2430 325 2490 auctor
352 2426 391 2490 de
414 2425 522 2508 prisca
548 2424 720 2508 medicina,
748 2426 804 2490 sed
832 2448 870 2490 eo
901 2425 1049 2491 acerbius
1072 2425 1222 2491 Philoleo
1251 2449 1324 2490 eurn
1353 2449 1387 2491 se

210 2554 336 2618 gerere,
364 2531 451 2617 quod
474 2531 509 2596 in
532 2532 721 2597 morborum
745 2531 871 2618 origine
903 2532 1094 2616 explicanda
1121 2532 1260 2598 recurrit
1287 2534 1327 2597 ad
1350 2534 1387 2598 τὸ

208 2639 326 2722 ὑγρόν,
349 2638 449 2704 variis
468 2660 620 2704 sucorum
639 2639 813 2725 generibus
831 2639 928 2723 plane
946 2638 1115 2723 neglectis.
1153 2639 1270 2723 Itaque
1290 2661 1387 2723 quam

210 2744 311 2810 semel
334 2745 504 2810 Thaletem
533 2749 663 2811 secutus
692 2746 730 2811 de
758 2746 891 2811 humido
921 2746 1068 2811 omnium
1091 2767 1198 2812 rerum
1227 2747 1389 2831 principio

211 2853 407 2917 sententiam
436 2875 546 2918 veram
575 2875 644 2917 esse
674 2852 737 2917 sibi
766 2853 942 2936 persuasit,
974 2855 1008 2918 in
1036 2875 1074 2918 ea
1103 2858 1292 2919 constanter
1318 2875 1388 2938 per-

213 2958 342 3021 mansit.
388 2958 459 3022 Hac
488 2958 528 3021 ab
561 2958 711 3040 opinione
739 2959 961 3042 praeiudicata
992 2960 1166 3042 petendum
1199 2981 1268 3024 esse
1298 2963 1389 3044 puto,

212 3063 299 3146 quod
318 3063 419 3126 etiam
437 3085 591 3127 sensuum
609 3064 850 3148 perceptionem
869 3065 909 3128 ab
926 3063 1061 3130 humido
1081 3065 1138 3130 illo
1153 3067 1291 3149 pendere
1306 3067 1388 3150 vult,

211 3169 405 3252 praesertim
429 3191 502 3233 cum
526 3167 669 3233 animam
693 3191 821 3256 quoque
844 3169 1005 3255 liquorem
1029 3192 1099 3236 esse
1126 3172 1254 3255 doceat3
1283 3193 1388 3256 neque

212 3275 372 3340 assentiar
400 3275 542 3341 Dielesio
572 3275 696 3362 (Herm.
721 3275 863 3341 XXVIII
887 3272 980 3362 421),
1014 3277 1070 3360 qui
1103 3299 1143 3342 ex
1170 3298 1235 3341 uno
1263 3277 1321 3343 illo
1350 3279 1388 3344 de

214 3383 300 3447 oculi
322 3382 457 3448 humida
479 3387 597 3448 natura
619 3382 741 3468 placito
762 3383 969 3448 Alcmaeonis
992 3383 1055 3449 hoc
1077 3383 1240 3469 Hipponis
1264 3385 1387 3451 dictum

213 3489 397 3574 profectum
426 3512 496 3554 esse
527 3489 702 3555 existimat.
748 3490 847 3555 Recte
879 3495 990 3555 tamen
1017 3488 1179 3556 Dielesius
1211 3492 1324 3557 eodem
1355 3497 1390 3556 et

213 3596 441 3682 physiologiae
461 3603 494 3661 et
513 3595 745 3682 psychologiae
765 3596 873 3662 studio
893 3596 1079 3682 Hipponem
1099 3620 1172 3662 cum
1191 3596 1389 3663 Alcmaeone

213 3703 360 3769 iunctum
380 3725 451 3769 esse
475 3708 620 3768 annotat.
666 3702 807 3769 Omnino
830 3704 1011 3769 notandum
1034 3725 1081 3788 ea,
1105 3725 1187 3787 quae
1210 3704 1389 3770 medicinae

214 3811 368 3894 propiora
392 3811 561 3897 magisque
590 3833 609 3874 a
637 3809 846 3896 philosophia
871 3814 996 3876 remota
1020 3814 1109 3895 sunt,
1137 3811 1244 3876 miuus
1268 3812 1389 3876 distare

213 3917 255 3980 ab
282 3916 560 4002 Alcmaeonianis,
592 3918 640 3982 ita
672 3921 710 3981 ut
737 3917 823 3983 idem
856 3919 895 3983 de
922 3915 1065 3983 Philolai
1096 3940 1225 4004 qnoque
1258 3919 1389 4004 placitis

213 4023 336 4108 ignotis
356 4024 461 4089 conici
479 4025 583 4090 liceat.
622 4023 838 4091 Consentiunt
857 4029 955 4110 caput
973 4025 1115 4108 primum
1136 4025 1172 4089 in
1190 4025 1280 4090 foetu
1300 4025 1388 4111 oriri,

214 4151 312 4213 quam
334 4131 375 4194 ad
394 4131 579 4216 opinionem
599 4154 637 4196 ea
655 4154 689 4196 re
707 4137 845 4216 uterque
864 4132 1020 4198 adductus
1041 4137 1100 4216 est,
1125 4133 1210 4216 quod
1230 4133 1264 4197 in
1284 4134 1390 4218 eapite

215 4235 314 4301 ammi
342 4236 521 4322 principale
549 4238 654 4304 inesse
682 4261 873 4323 persuasum
900 4240 1001 4306 habet
1023 4237 1171 4327 (Censor.
1195 4239 1222 4302 d.
1249 4239 1299 4304 die
1322 4247 1389 4305 nat.

215 4345 244 4426 6,
263 4343 304 4428 1).
341 4342 435 4419 Quod
454 4345 561 4428 ipsum
580 4345 737 4428 placitum
756 4369 833 4410 num
853 4369 870 4410 e
888 4347 978 4431 poris
996 4345 1259 4412 Alcmaeonianis
1278 4345 1390 4434 Hippo

216 4449 370 4537 coegerit,
389 4451 511 4517 dubito.
549 4450 683 4518 Etenim
703 4475 777 4518 cum
796 4457 833 4519 ut
852 4475 964 4519 omnes
984 4477 1036 4518 res
1056 4455 1103 4522 ita
1125 4457 1235 4522 semen
1254 4476 1395 4542 quoque,
