3358 5132
706 293 926 357 ..33-

231 451 339 538 operis
357 455 466 518 verba.
502 451 684 539 Diogenem
702 455 812 517 autem
830 450 999 517 Latrtium
1018 474 1037 516 a
1056 451 1225 518 Demetrio
1240 449 1405 538 Magnete,

231 580 328 642 quem
350 559 460 644 ipsum
482 559 517 624 in
539 559 661 624 tabulis
685 559 914 626 Callimacheis
937 558 1001 623 niti
1024 562 1167 640 constat,
1195 580 1255 624 sua
1278 563 1405 622 mutua-

230 668 300 730 tum
328 688 399 731 esse
428 670 466 730 ut
493 667 622 730 credam
650 665 792 731 adducor
818 665 892 731 loco
921 665 1090 730 simillimo
1114 664 1198 729 VIII
1217 665 1260 730 85
1285 667 1405 730 τοῦτόν

230 769 314 857 (scil.
341 770 542 860 Philolaum)
576 790 659 857 φησι
686 774 877 857 Δημήτριος
906 771 943 837 ἐν
971 771 1161 855 ὁμωνύμοις
1189 783 1322 856 πρῶτον
1355 770 1407 836 έκ-

230 880 349 945 ὃοῦνοιι
372 890 440 945 τῶν
459 884 708 964 Πυθαγορικῶν
731 877 807 964 περὶ
826 881 969 964 φύσεως,
993 872 1041 943 ὧν
1060 878 1081 961 ἡ
1100 877 1183 964 ἀρχὴ
1202 879 1274 962 ἤθε’
1300 880 1407 955 Φύσις

229 981 262 1049 θ’
288 984 325 1050 ἐν
347 996 393 1074 τῷ
416 989 528 1076 κόσμῳ
552 983 707 1072 ἁρμόχθη
731 985 764 1064 ἐξ
788 985 934 1070 ἀπείρων
956 1009 991 1050 τε
1018 983 1073 1050 καὶ
1096 988 1323 1070 περαινόντων
1351 983 1407 1050 καὶ

231 1091 308 1169 ὅλος
330 1093 349 1158 ὁ
372 1096 494 1178 κόσμος
521 1092 577 1159 καὶ
603 1095 644 1158 τὰ
667 1092 704 1158 έν
727 1093 816 1180 αύτῷ
839 1091 956 1157 πάντα.
1002 1090 1049 1157 cf.
1074 1089 1299 1158 Nietzschium
1322 1091 1405 1157 Mus.

231 1198 332 1265 Rhen.
350 1199 460 1265 XXIV
484 1198 602 1287 (1869)
624 1221 698 1286 pag.
722 1199 783 1264 184
793 1220 840 1282 sq.

319 1306 434 1390 Itaque
453 1307 665 1390 antiquorum
683 1306 749 1370 iam
768 1306 927 1370 memoria
941 1305 1150 1371 Alcmeonis
1168 1307 1253 1372 liber
1270 1329 1406 1391 prorsus

231 1414 370 1497 evanuit,
394 1413 461 1477 sive
486 1413 571 1498 qnod
595 1413 758 1478 oblivione
783 1414 919 1478 obrutus
939 1416 994 1479 est·
1014 1413 1081 1479 sive
1101 1413 1196 1498 quod,
1219 1436 1294 1479 cum
1317 1418 1406 1481 vetu-

231 1519 387 1585 stioribus
410 1520 477 1584 iam
500 1519 703 1604 temporibus
725 1519 817 1584 nullo
839 1520 939 1584 dubio
963 1519 1046 1585 satis
1069 1542 1163 1584 rarus
1182 1518 1311 1607 esset1),
1335 1521 1407 1584 Ari-

231 1626 359 1691 stotelis
382 1629 466 1710 πρὸς
487 1627 528 1692 τὰ
547 1623 769 1711 Ἀλκμαίωνος
790 1625 914 1711 libello,
937 1626 972 1692 in
995 1649 1060 1711 quo
1083 1630 1117 1691 et
1139 1627 1204 1710 ipsi
1228 1625 1405 1714 Stagiritae

232 1753 358 1797 summa
376 1733 557 1818 sapientiae
575 1733 848 1800 Alcmaeonianae
873 1734 1064 1800 delineanda
1082 1739 1162 1820 erat,
1185 1739 1224 1799 ut
1241 1735 1405 1820 paratiore

231 1839 353 1904 auxilio
372 1840 423 1904 uti
442 1841 608 1906 malebant
626 1841 687 1906 viri
707 1841 805 1906 docti.
846 1841 917 1906 Iam
941 1864 1014 1907 cum
1036 1863 1078 1906 ne
1099 1842 1162 1907 hoc
1181 1839 1311 1924 quidem
1329 1863 1406 1926 opu-

232 1946 359 2010 sculum
378 1950 563 2031 temporum
581 1947 790 2031 iniquitatem
811 1947 867 2012 diu
885 1947 1001 2012 tulisse
1020 1948 1177 2032 videatur,
1201 1947 1321 2013 mirum
1339 1971 1406 2013 non

230 2058 281 2118 est
311 2054 398 2138 quod
421 2055 475 2119 vix
496 2054 640 2119 frustula
662 2054 789 2118 minuta
812 2053 1086 2119 Alcmaeonianae
1113 2054 1281 2119 doctrinae
1308 2055 1405 2119 nobis

231 2164 370 2225 exstant.
406 2160 453 2225 Et
471 2162 526 2226 vix
544 2166 595 2226 est
619 2183 676 2227 cnr
699 2183 866 2245 speremus
890 2161 960 2226 fore
983 2165 1022 2224 ut
1044 2181 1062 2224 e
1085 2161 1252 2226 codicibus
1271 2161 1405 2227 medicis

229 2269 373 2332 nondum
409 2269 491 2333 satis
529 2269 673 2334 excussis
708 2268 765 2333 lux
798 2269 957 2353 quaedam
990 2267 1201 2334 Crotoniatae
1238 2267 1405 2355 affulgeat.

232 2372 324 2448 Quod
353 2371 458 2460 genus
483 2397 560 2441 cave
588 2375 760 2459 decipiaris
784 2374 932 2441 Crameri
955 2372 1092 2460 (Anecd.
1116 2373 1239 2440 Graeca
1262 2376 1365 2440 Paris.
1388 2375 1406 2438 Ι

231 2479 305 2565 388,
325 2478 360 2567 7)
384 2481 490 2547 verbis
514 2482 580 2546 his:
607 2481 776 2568 „Plurima
799 2482 912 2546 insunt
935 2479 1017 2568 (scil.
1041 2483 1077 2546 in
1100 2484 1168 2547 cod.
1191 2481 1294 2546 Paris.
1319 2481 1405 2547 1853

232 2586 380 2670 scholiis)
404 2589 443 2652 de
466 2589 663 2654 Alcmaeone
687 2586 894 2674 Crotoniatae,
922 2588 962 2653 de
985 2587 1191 2672 Parmenide,
1215 2587 1347 2652 Melisso
1371 2593 1406 2652 et

230 2693 456 2779 Xenophane“.
501 2696 553 2760 En
577 2696 678 2761 habes
705 2717 788 2780 quae
812 2694 963 2780 precibus
990 2697 1071 2760 meis
1096 2700 1279 2761 commotus
1303 2693 1406 2760 Kalb-

231 2800 397 2866 fleiachins
434 2801 558 2868 amicus
592 2825 609 2866 e
642 2803 752 2868 codice
789 2803 847 2868 illo
885 2803 1046 2887 excerpsit
1084 2801 1203 2887 (Paris.
1236 2824 1284 2888 gr.
1319 2801 1406 2868 1853

230 2907 286 2972 fol.
305 2905 418 2996 229'):
443 2909 567 2992 ίστορεῑ
589 2905 626 2973 δέ
649 2906 733 2996 (scil.
753 2909 951 2974 Aristoteles
975 2909 1053 2974 Met.
1072 2910 1103 2974 A
1116 2909 1147 2994 5,
1166 2910 1231 2975 986
1251 2931 1269 2973 a
1288 2910 1331 2976 22
1342 2907 1405 2995 sq.)

231 3015 281 3078 ότι
308 3014 363 3080 καὶ
386 3014 571 3100 Ἀλκμαίων
601 3015 619 3079 ὁ
647 3017 881 3100 Κροτωνιάτης
906 3019 967 3081 τὸν
994 3015 1098 3081 αὐτὸν
1124 3019 1249 3100 τρόπον
1275 3018 1406 3093 τούτοις

231 3117 314 3206 (scil.
337 3120 568 3208 Pythagoreis)
597 3120 801 3207 ἀπεφήνατο·
833 3124 881 3200 είς
911 3123 975 3206 γὰρ
1009 3122 1204 3188 ἐναντίωσίν
1231 3146 1307 3187 τινα
1338 3134 1406 3187 τῶν

231 3229 337 3294 ὄντων
364 3228 503 3294 ἕκαστον
532 3228 670 3311 ἀνάγειν
698 3228 849 3314 εἰτειρᾶτο
875 3226 931 3294 καὶ
959 3225 1057 3306 οὗτος
1083 3230 1128 3306 ὡς
1155 3229 1267 3314 ἀρχῶν
1294 3228 1406 3296 ούσῶν

230 3345 297 3400 τῶν
324 3334 560 3402 ἐναντιώσεων.
605 3335 662 3400 καὶ
688 3335 709 3420 ἢ
738 3331 835 3413 οὗτος
862 3336 920 3412 τὰς
946 3335 1049 3423 ἀρχὰς
1074 3337 1196 3413 ταύτας
1224 3337 1313 3422 παρὰ
1340 3348 1407 3402 τῶν

231 3445 477 3526 Πυθαγορείων
491 3441 677 3528 παρέλαβεν
691 3442 713 3527 ἢ
727 3443 764 3508 ot
775 3445 1007 3527 Πυθαγόρειοι
1022 3444 1112 3528 παρὰ
1124 3445 1260 3509 τούτου·
1280 3445 1406 3529 ἔφθασε

231 3549 294 3634 γὰρ
313 3548 454 3634 γέροντα
472 3553 532 3616 τὸν
548 3553 759 3634 Πυθαγόραν
777 3545 1001 3634 θἈλκμαίων.
1038 3549 1191 3636 διαφέρει
1209 3548 1323 3633 μέντοι
1340 3561 1409 3616 τῶν

231 3659 478 3742 Πυθαγορείων
497 3653 604 3740 οὗτος,
623 3654 702 3741 παρ’
719 3655 801 3722 ὅσον
819 3655 941 3722 ἐκείνοι
959 3653 1021 3742 μὲν
1039 3655 1225 3744 ὡρισμένας
1243 3655 1408 3724 ὑπέθεντο

229 3762 287 3838 τὰς
312 3760 524 3842 ἐναντιώσεις
550 3761 606 3829 καὶ
632 3760 893 3848 τετερασμένας·
921 3763 1001 3829 δέκα
1024 3765 1102 3850 γάρ·
1125 3765 1227 3840 αὐτὸς
1254 3762 1291 3830 δὲ
1319 3764 1409 3829 ἀτεί-

230 3891 310 3952 ρους
335 3866 390 3934 καὶ
420 3867 605 3954 ἀορίστους.
652 3866 773 3935 Confer
800 3869 903 3956 ipsius
932 3870 1124 3937 Aristotelis
1152 3871 1267 3956 verba,
1298 3871 1410 3935 confer

231 3996 312 4058 quae
336 3979 495 4042 annotant
513 3976 688 4062 Asclepius
712 3981 812 4062 atque
834 3977 1032 4044 Alexander:
1056 3979 1122 4043 iam
1146 3977 1272 4044 videbis
1296 3976 1410 4060 quanti

229 4082 309 4147 haec
332 4082 399 4146 sint
422 4085 530 4165 pretii.

321 4242 346 4310 1)
364 4239 568 4296 Anaximandri
586 4245 661 4298 certe
680 4241 754 4298 liber
771 4243 855 4312 longe
869 4242 1002 4298 maiorem
1021 4244 1096 4313 apud
1110 4257 1207 4297 ornnes
1222 4240 1343 4310 gloriam
1362 4242 1411 4296 ad·

230 4329 312 4399 optus
327 4327 492 4400 Apollodori
508 4330 566 4386 iam
580 4330 755 4404 temporibus
770 4329 953 4387 difficillimus
969 4333 1030 4386 erat
1042 4331 1160 4386 inventu
1174 4328 1267 4398 (Diog.
1278 4327 1327 4384 La
1339 4329 1364 4384 11
1376 4331 1411 4400 1).

714 4443 753 4452 ‚-
761 4443 927 4452 --ι--α

283 4516 444 4571 Wachtler‚
458 4516 486 4558 de
501 4519 641 4560 Alcmaeone
657 4521 797 4562 Crotoniata.
1180 4517 1196 4564 3
