3358 5132
691 355 910 420 ..31...

213 515 386 601 στρυφνὸν
412 511 468 580 uel
495 515 666 600 πλαδαρὸν
696 513 751 580 καὶ
778 517 862 580 ἄλλα
889 517 1008 600 μυρία,
1038 516 1196 593 παντοίας
1227 514 1390 599 δυνάμιας

212 622 330 706 ἔχοντα
353 624 483 706 πλῆθός
500 645 534 686 τε
558 619 614 687 καὶ
633 622 738 707 ίσχύν.
774 632 877 687 ταῦτα
898 619 960 707 μὲν
978 619 1178 706 μεμειγμένα
1200 621 1255 688 καὶ
1273 645 1389 708 κεκρη-

211 727 295 812 μέυα
318 726 514 812 ἀλλήλοισιν
537 728 614 794 οὔτε
636 728 765 814 φανερά
785 727 874 794 ἐστιν
898 729 974 794 ollas
995 733 1093 794 λυπεῖ
1113 730 1173 794 τὸν
1191 730 1388 814 ἄνθρωπον·

211 834 292 900 ὅταν
319 831 360 899 δέ
385 859 416 899 τι
444 835 571 900 τούτων
601 835 768 920 ἀποκριθῇ
801 833 856 901 καὶ
886 835 966 900 αὐτὸ
1000 832 1052 920 ἐφ’
1084 832 1211 902 ἑωυτοῦ
1243 834 1389 920 γένηται,

210 944 284 1007 τότε
307 937 362 1006 καὶ
381 943 530 1026 φανερόν
550 940 618 1008 ἐστι
641 939 696 1007 καὶ
714 947 812 1007 λυπεῖ
829 943 888 1006 τὸν
906 942 1098 1024 ἄνθρωπον.
1134 941 1225 1028 Ergo
1245 942 1388 1008 medicos

211 1047 300 1112 vides
316 1047 454 1112 Platone
470 1049 664 1114 vetustiores
672 1046 697 1134 ¹)
713 1049 804 1114 illam
818 1048 999 1114 doctrinam
1016 1048 1145 1113 referre.
1172 1047 1263 1113 Idem
1279 1052 1388 1114 tamen

211 1154 312 1219 etiam
326 1153 361 1218 in
374 1154 502 1239 priores
517 1159 668 1220 auctores
683 1153 823 1240 digitum
836 1153 989 1239 intendit,
1002 1177 1076 1221 cum
1090 1154 1170 1220 dicit
1183 1151 1272 1242 (pag.
1285 1153 1335 1239 15,
1349 1157 1388 1220 12

213 1257 378 1347 Kr'ihlew.)
407 1260 445 1324 de
469 1260 516 1325 eis
544 1282 626 1344 qnos
654 1259 751 1326 initio
779 1260 940 1328 emmtiati
970 1261 1210 1347 significaverat
1233 1258 1389 1347 (έώρων);

212 1371 322 1442 καλῶς
348 1363 404 1431 καὶ
432 1371 579 1454 λογισμῷ
607 1369 809 1452 προσήκοντι
837 1369 1031 1452 ζητήσαντες
1056 1369 1140 1454 πρὸς
1162 1369 1223 1451 τήν
1249 1377 1310 1434 τοῦ
1332 1368 1390 1434 ἀν-

211 1475 353 1558 θρύπου
371 1473 477 1558 φύσιν
495 1468 596 1558 εὗρον
615 1474 698 1538 αὐτὰ
721 1475 762 1539 ol
779 1485 926 1560 πρῶτοι
949 1474 1134 1560 εὑρόντες
1154 1473 1209 1540 καὶ
1228 1479 1389 1560 οήθησαν

212 1579 307 1664 ἀξίην
335 1583 397 1665 τήν
425 1579 545 1667 τέχνην
571 1586 641 1667 θεῷ
668 1587 877 1666 προσθεῖναι.
922 1583 1012 1647 Inter
1035 1583 1096 1648 hos
1119 1582 1282 1667 principes
1310 1584 1390 1667 quin

212 1687 443 1754 Alcmaeonem
466 1687 631 1773 habuerit,
654 1687 709 1752 vix
731 1693 783 1754 est
807 1689 893 1773 quod
915 1688 1053 1754 dubites.

300 1793 346 1860 At
362 1793 575 1879 Gompcrains
595 1793 631 1881 (l.
645 1795 666 1859 l.
681 1816 756 1882 pag.
772 1796 860 1882 241),
879 1819 953 1861 cum
973 1800 1088 1862 auctor
1106 1797 1145 1863 de
1163 1796 1273 1882 prisca
1291 1798 1389 1862 medi·

212 1901 286 1968 cina
309 1901 416 1966 solum
439 1901 580 1967 calidum
606 1903 657 1965 vel
681 1901 836 1987 frigidum
859 1903 949 1968 nulla
972 1903 1037 1967 alia
1061 1904 1220 1986 qualitate
1244 1905 1389 1970 admixta

211 2009 337 2075 homini
361 2008 537 2092 quidquam
561 2009 676 2074 obesse
700 2009 752 2073 vel
774 2009 929 2093 prodesse
951 2031 1047 2094 posse
1071 2016 1178 2096 neget,
1202 2011 1389 2098 impugnari

210 2116 321 2201 potius
336 2099 386 2180 ¹ab
406 2138 444 2182 eo
463 2116 696 2181 Alcmaeonem
715 2115 891 2180 existimat.
930 2114 992 2181 Sed
1011 2120 1049 2181 ut
1068 2117 1219 2182 omittam
1243 2141 1283 2183 ne
1301 2119 1388 2184 hunc

211 2223 339 2307 quidem
363 2245 383 2286 a
406 2223 510 2288 calido
534 2222 719 2308 frigideque
743 2245 874 2288 omnem
896 2223 932 2287 in
955 2246 1090 2308 corpore
1114 2225 1180 2288 vim
1203 2224 1388 2292 abiudicata

212 2329 299 2416 (pag.
320 2329 403 2414 18,8
424 2329 585 2394 Kfihlew.:
604 2330 794 2415 ψυχρότητα
814 2327 844 2394 d'
868 2329 932 2412 ἐγὼ
951 2327 1007 2395 καὶ
1025 2333 1213 2416 θερμότητα
1232 2331 1389 2397 πασέων

210 2436 351 2518 ήκιστα
372 2448 441 2502 τῶν
465 2437 639 2520 δυναμίων
661 2440 784 2520 νομίζω
808 2438 1026 2502 δυναστεύειν
1049 2436 1086 2502 έν
1109 2447 1154 2524 τῷ
1178 2438 1317 2521 σώματα
1348 2439 1389 2503 cf.

213 2543 263 2626 18,
282 2543 427 2628 12sqq.),
446 2544 500 2608 sed
521 2565 618 2627 quam
634 2541 774 2607 maxime
795 2566 866 2608 eam
881 2544 1111 2608 circumcidere
1130 2543 1212 2608 velle
1226 2545 1387 2610 adductus

211 2649 320 2716 studio
343 2649 508 2715 refutandi
531 2671 587 2715 eos
611 2651 666 2734 qui
691 2650 797 2715 solas
822 2673 876 2715 eas
898 2650 1082 2734 posuerint:
1106 2673 1185 2716 num
1209 2673 1331 2735 quaeso
1353 2652 1388 2715 in

211 2755 442 2822 Alcmaeonem
465 2756 578 2822 cadere
602 2754 665 2820 tibi
686 2757 846 2842 videntur,
870 2777 952 2840 quae
971 2756 1028 2822 illc
1047 2756 1085 2821 de
1105 2757 1299 2823 adversariis
1319 2759 1388 2824 suis

210 2865 322 2926 narrat
345 2859 386 2949 (c.
409 2865 425 2927 1
450 2883 523 2947 pag.
546 2866 577 2947 1,
596 2865 617 2928 2
640 2861 814 2956 Μύλιττα),
837 2886 919 2949 quos
942 2863 1107 2929 ὑπόθεσιν
1130 2862 1252 2941 αὐτοὺς
1275 2864 1389 2944 αὐτοῖς

209 2968 441 3053 ὑποθεμένους
466 2978 512 3056 τῷ
536 2973 624 3058 λόγῳ
646 2973 776 3055 θερμὸν
805 2968 874 3058 ild)
901 2972 1031 3056 ψυχρὸν
1059 2970 1079 3055 ‘l
1106 2970 1212 3057 ὑγρὸν
1240 2971 1261 3055 ή
1286 2971 1389 3057 ξηρὸν

211 3073 232 3157 ή
256 3075 337 3141 ἄλλο
358 3100 390 3140 τι
419 3076 436 3142 ὃ
465 3076 507 3142 dv
534 3075 660 3142 θέλωσι
688 3078 754 3142 iam
783 3078 845 3144 hoc
872 3079 979 3162 ipsum
1009 3076 1095 3161 quod
1122 3082 1302 3161 posuerunt
1327 3081 1388 3162 τήν

211 3179 317 3266 ἀρχήν
343 3192 401 3265 τῆς
428 3185 533 3268 αίτίης
559 3194 645 3249 τοῖσι
674 3182 883 3270 ἀνθρώποισι
914 3185 1048 3249 νούσων
1074 3206 1109 3248 τε
1142 3182 1197 3249 καὶ
1223 3185 1388 3268 θανάτου,

209 3286 274 3353 καί
305 3298 400 3356 πᾶσι
432 3291 501 3374 τήν
533 3291 672 3376 αὐτήν,
703 3292 745 3358 ’έν
777 3291 798 3375 ή
831 3293 902 3357 δύο
932 3289 1209 3374 ὑποθεμένους
1239 3292 1388 3357 docuisse

209 3395 312 3462 dicit?
358 3397 463 3464 Immo
492 3399 527 3464 in
554 3397 722 3464 Philolaos
746 3403 844 3484 atque
868 3397 1039 3484 Hippones
1067 3395 1123 3483 (cf.
1146 3419 1220 3484 pag.
1244 3398 1287 3464 93
1302 3396 1388 3486 sqq.)

209 3502 383 3591 invehitur,
406 3507 477 3591 ipse
496 3506 705 3572 Alcmaeonis
726 3505 909 3572 doctrinam
931 3506 1048 3572 leviter
1066 3509 1228 3571 mutatam
1248 3511 1388 3572 secutus.

298 3627 362 3695 Sed
384 3631 485 3696 latius
513 3653 565 3697 res
592 3634 691 3715 patet.
738 3629 825 3696 Nam
848 3654 886 3696 ea
914 3631 987 3715 ipsa
1020 3653 1102 3716 quae
1131 3653 1230 3715 supra
1253 3631 1390 3716 exposui

208 3732 348 3820 faciunt,
375 3742 412 3802 ut
440 3737 670 3821 deliberemus,
702 3743 812 3803 utrum
839 3738 909 3803 iure
938 3737 1172 3804 Alcmaeonem
1204 3760 1247 3802 an
1278 3735 1390 3824 potius

208 3839 360 3925 ignotum
379 3844 540 3928 quendam
560 3843 722 3909 medicum
741 3845 955 3911 vetustiorem
975 3866 1147 3910 enumero
1167 3855 1234 3909 τῶν
1248 3843 1391 3927 πρώτων

210 3949 396 4030 ζητούντων
414 3951 497 4032 πρὸς
515 3951 576 4034 τήν
590 3960 651 4017 τοῦ
666 3950 849 4033 ἀνθρώπου
865 3953 970 4036 φύσιν
984 3953 1082 4018 huius
1097 3951 1265 4017 doctrinae
1281 3953 1392 4014 aucto·

208 4077 276 4120 rem
300 4079 370 4121 esse
394 4061 556 4140 putemus.
595 4055 682 4122 Nam
706 4063 743 4122 ut
767 4059 977 4142 scripsisse
1000 4058 1127 4144 primus
1151 4058 1315 4141 putandus
1340 4059 1391 4120 est

208 4184 283 4226 cum
306 4161 345 4226 de
368 4161 485 4227 ceteris
510 4163 607 4227 rebus
631 4162 765 4229 medicis
790 4161 844 4250 (cf.
862 4184 937 4250 pag.
956 4162 1016 4252 20)
1040 4168 1112 4229 tum
1136 4164 1175 4228 dc
1200 4163 1392 4228 morborum

209 4305 422 4314 ——-—--—

299 4394 326 4461 1)
345 4391 464 4446 Videtur
486 4389 531 4444 hie
555 4393 654 4448 auctor
677 4391 751 4446 inter
774 4393 947 4462 antiquiores
970 4390 1148 4450 collectionis
1172 4387 1393 4462 Hippocratioae

207 4481 331 4537 medicos
350 4480 537 4536 numerandus
556 4497 624 4536 esse.

260 4580 422 4634 Waolrtler,
436 4579 465 4620 de
479 4580 617 4622 Alcmaeone
632 4580 773 4623 crotonlata.
1159 4576 1175 4624 ll
