3358 5132
754 299 972 364 ‚52-

745 505 877 572 Fragm.
901 504 979 559 XII.

364 636 463 700 Plut.
482 636 584 720 Epit.
604 636 635 700 V
654 636 718 720 3,3
739 633 844 722 (Dox.
859 638 923 704 417
946 660 964 702 a
986 635 1040 724 10)
1060 659 1103 702 ex
1121 635 1252 702 Aetio:
1268 634 1452 722 Ἀλκμαίων

169 807 174 813 .
276 744 461 828 ἐγκεφάλου
484 740 582 828 μέρος
606 742 657 829 (τὸ
682 741 810 826 σπέρμα
833 739 943 826 εἶναι).

365 849 601 916 Censorinus
626 850 655 913 d.
676 850 704 913 d.
723 853 798 914 nat.
818 850 849 913 V
869 852 900 936 2,
913 852 949 916 3:
972 849 1036 915 Sed
1056 851 1141 916 hanc
1161 851 1347 935 opinionem
1367 849 1452 938 (scil.

275 979 292 1022 e
312 955 461 1022 medullis
481 978 592 1020 semen
613 955 789 1042 profluere)
813 957 973 1046 nonnulli¹
986 957 1147 1040 refellunt,
1171 961 1208 1021 ut
1226 958 1450 1045 Anaxagoras,

275 1064 482 1129 Democritus
516 1065 549 1128 et
581 1063 736 1128 Alcmaeo
766 1061 985 1128 Crotoniates:
1017 1063 1053 1127 hi
1086 1064 1172 1128 enim
1204 1068 1280 1147 post
1312 1086 1451 1151 gregum

275 1171 518 1236 contentionem
545 1191 612 1234 non
640 1170 790 1234 medullis
819 1171 929 1254 modo,
957 1193 1071 1236 verum
1099 1174 1132 1234 et
1161 1171 1253 1255 adipe
1282 1172 1450 1257 multaque

275 1300 371 1343 carne
394 1299 500 1341 mares
524 1276 687 1340 exhauriri
711 1277 915 1361 respondent.
942 1314 980 1323 —

364 1383 465 1448 Vides
490 1380 704 1447 Censorinum
729 1387 826 1466 atque
849 1382 1063 1449 Plutarchum
1093 1385 1127 1448 iu
1152 1384 1294 1449 diversas
1318 1385 1451 1449 tendere

274 1495 392 1575 partes
438 1489 525 1553 Nam
549 1490 576 1552 si
601 1511 714 1553 revera
742 1494 775 1554 et
801 1490 952 1555 medullis
981 1494 1014 1554 et
1042 1490 1136 1574 adipe
1164 1495 1197 1555 et
1224 1513 1319 1556 carne
1344 1514 1450 1556 mares

274 1595 438 1662 exhauriri
455 1596 611 1661 Alcmaeo
631 1596 808 1678 contendit,
832 1619 871 1660 ex
890 1596 1012 1662 eisdem
1032 1619 1142 1661 semen
1161 1597 1322 1682 profluere
1340 1599 1451 1663 dicen-

274 1705 351 1768 dum
380 1704 411 1768 ei
438 1702 538 1767 fuisse
567 1707 711 1786 apparet.
757 1701 830 1768 Hoc
853 1703 1022 1768 Kuehnius
1054 1726 1182 1791 quoque
1211 1701 1336 1790 (opusc.
1360 1703 1449 1768 acad.

274 1810 399 1876 medica
416 1809 433 1874 I
454 1810 504 1892 74,
525 1806 581 1895 17)
601 1809 772 1895 intellexit,
796 1810 852 1894 qui
872 1809 1087 1876 Censorinum
1108 1811 1193 1876 falso
1212 1811 1450 1894 interpretatus

274 1941 291 1982 e
310 1917 461 1981 medullis
474 1916 635 2000 profluere
652 1938 762 1981 semen
777 1918 817 1981 ab
832 1918 1028 1982 Alcmaeone
1043 1917 1188 2003 positum
1203 1939 1273 1982 esse
1289 1914 1451 1981 dicentem

274 2047 347 2090 eum
370 2023 459 2088 facit.
501 2019 674 2087 Contrario
699 2046 808 2089 errore
832 2023 1045 2109 Comperzius
1071 2021 1206 2111 (Criecle.
1225 2023 1350 2088 Denter
1369 2019 1451 2109 120)

275 2131 423 2197 docuisse
447 2151 522 2194 eum
544 2133 668 2215 narrat,
689 2131 760 2211 dass
782 2133 831 2196 dle
857 2131 1058 2198 Wrbelsdule
1080 2152 1139 2196 oon
1160 2132 1278 2212 Τλενεα,
1300 2131 1348 2196 die
1369 2130 1452 2195 noct

280 2238 406 2322 Vellaup
433 2239 484 2302 des
512 2235 759 2319 Ζεαγναγεαλόοε
784 2242 891 2320 petdtet
917 2240 1053 2324 wadan,
1079 2238 1257 2320 teiaesweps
1283 2239 1350 2301 eine
1379 2237 1452 2301 Ver·

272 2345 457 2426 miuderaop
479 2345 532 2408 des
554 2344 602 2408 die
625 2342 857 2428 Rilolceawirhel
879 2345 1069 2426 erfic'lleoden
1091 2341 1222 2410 Mortes
1243 2344 1394 2424 aufwec'st.

361 2450 523 2536 Equidem
556 2472 630 2515 cum
659 2471 719 2515 nec
748 2449 946 2516 Censorinus
978 2473 1038 2516 nec
1065 2450 1262 2515 Plutarchus
1294 2449 1451 2535 indignus

272 2581 343 2624 esse
367 2557 448 2621 mihi
470 2542 635 2622 videretur
661 2557 712 2622 cui
738 2558 910 2641 crederem,
928 2557 978 2622 ita
999 2557 1106 2640 primo
1129 2579 1199 2621 rem
1217 2557 1450 2622 enucleandam

272 2689 343 2730 esse
372 2665 561 2749 censebam,
587 2667 626 2728 ut
654 2664 758 2728 totius
787 2665 931 2749 corporis
960 2686 999 2728 ex
1027 2663 1134 2748 adipe,
1153 2666 1270 2749 carne,
1298 2665 1450 2729 medullis

272 2794 383 2837 semen
407 2772 486 2836 oriri
510 2770 665 2836 Alcmaeo
689 2771 817 2853 dixerit,
840 2772 979 2836 maxime
999 2776 1147 2836 tamone
1167 2772 1308 2855 cerebro,
1331 2774 1449 2854 utpote
1514 2829 1520 2839 .

273 2880 360 2963 quod
387 2901 454 2943 non
477 2878 583 2942 solum
607 2877 706 2948 simili
730 2880 816 2942 esset
840 2878 955 2943 semini
978 2881 1095 2942 natura
1118 2877 1174 2960 (cf.
1197 2877 1299 2942 Arist.
1322 2877 1351 2942 d.
1375 2898 1450 2962 gen.

272 3008 323 3050 an.
340 2986 402 3050 747
419 3008 438 3049 a
455 2982 521 3072 17),
535 2985 590 3050 sed
605 2984 704 3049 etiam
720 2985 846 3049 animae
865 2986 965 3068 sedes,
984 2985 1135 3071 quodque
1150 2985 1258 3070 ipsum
1272 2983 1448 3049 medullam

272 3115 343 3158 esse
366 3096 499 3177 putasse
522 3089 692 3180 videtur.¹)
739 3091 788 3156 Ac
816 3114 892 3156 sane
917 3091 1082 3157 simillime
1112 3095 1227 3156 auctor
1253 3091 1291 3156 de
1315 3112 1449 3176 genera-

271 3201 369 3284 tione,
392 3200 448 3285 qui
473 3198 624 3264 omnibus
649 3221 665 3262 e
689 3199 836 3282 corporis
859 3198 1008 3283 partibus
1033 3221 1143 3264 semen
1161 3198 1323 3284 profluere
1343 3197 1449 3262 credit

271 3305 571 3393 (flipp.V]1470,
595 3308 627 3389 13
649 3306 725 3386 474,
749 3306 769 3370 5
792 3303 854 3392 Ia),
881 3310 1057 3389 postquam
1086 3307 1124 3370 de
1153 3307 1199 3371 eis
1229 3305 1284 3389 qui
1312 3304 1449 3368 testium

271 3413 432 3478 excisione
455 3412 620 3477 infecundi
644 3411 762 3476 redditi
786 3416 863 3476 sunt
885 3413 985 3477 verba
1011 3412 1103 3497 fecit,
1132 3412 1246 3478 ὁκόσοι
1274 3407 1311 3476 dl
1340 3411 1450 3495 inquit

269 3519 435 3604 (47212)
458 3516 535 3603 παρ’
558 3513 617 3596 οὖς
640 3518 832 3603 τετμημένοι
855 3521 953 3603 εἰσίν,
977 3514 1070 3584 οὗτοι
1090 3521 1290 3602 λαγνεόουσι
1310 3514 1372 3602 μὲν
1390 3517 1448 3583 καὶ

269 3626 423 3710 ἀφιᾶσιν,
454 3627 569 3710 ὀλίγον
598 3622 634 3690 δὲ
667 3623 722 3690 καὶ
754 3622 896 3703 ἀσθενὲς
927 3623 982 3690 καὶ
1011 3628 1148 3709 ἄγονον·
1181 3636 1284 3712 χωρεῖ
1312 3625 1374 3708 γὰρ
1407 3627 1448 3690 τὸ

268 3737 423 3798 πλεῖστον
445 3743 506 3799 τοῦ
530 3737 632 3816 γόνου
656 3732 719 3798 ἀπὸ
738 3742 797 3818 τῆς
814 3738 958 3817 κεφαλῆς
976 3731 1059 3820 (scil.
1079 3757 1096 3798 e
1117 3734 1263 3799 cerebro:
1287 3729 1448 3818 470,14).

269 3839 337 3905 Nec
358 3863 449 3906 secus
468 3841 537 3925 ipse
557 3840 775 3925 Hippocrates
795 3839 842 3905 eis
862 3863 945 3924 quae
965 3842 1060 3906 docet
1078 3842 1117 3906 de
1137 3863 1220 3925 aere,
1242 3840 1313 3921 loc,
1332 3860 1383 3922 aq.
1402 3839 1448 3903 14

266 3947 314 4036 (Π
329 3950 372 4014 60
386 3945 439 4036 L.)
459 3949 477 4014 ὁ
496 3951 595 4030 γόνος
613 3950 823 4033 πανταχόθεν
843 3949 972 4032 ἔρχεται
990 3957 1050 4013 τοῦ
1070 3944 1221 4031 σώματος
1239 3945 1348 4030 paullo
1367 3950 1447 4028 post

266 4056 308 4143 (c.
328 4059 371 4122 22
392 4087 433 4110 --
454 4057 506 4141 78,
521 4055 563 4120 10
581 4052 633 4142 L.)
656 4055 746 4120 addit
765 4053 829 4119 εἰσὶ
848 4055 910 4138 γὰρ
929 4056 1018 4140 παρὰ
1036 4055 1076 4120 τὰ
1095 4050 1161 4119 ὦτα
1180 4051 1301 4140 φλέβες
1323 4051 1361 4128 ἃς
1385 4051 1446 4116 ἐάν

359 4253 385 4320 1)
404 4251 478 4305 Nam
496 4253 609 4314 πολλοῖς
628 4248 642 4302 ό
660 4244 814 4320 ἐγκέφαλος
832 4251 916 4304 δοκεῖ
930 4248 1030 4319 μυελὸς
1048 4245 1123 4303 εἶναι
1146 4246 1194 4302 διὰ
1217 4246 1248 4301 τὸ
1268 4251 1370 4314 συνεχῆ
1393 4245 1447 4302 τὸν

268 4337 385 4411 duplam
399 4339 474 4413 αὐτῷ
489 4339 560 4408 ὁρᾶν
574 4338 676 4409 μυελόν
687 4337 772 4392 Arist.
783 4339 808 4393 d.
820 4339 893 4408 part.
904 4337 989 4392 anim.
1001 4337 1028 4390 Π
1042 4343 1067 4405 7,
1077 4343 1129 4392 652
1143 4353 1161 4390 a
1174 4341 1217 4390 24.
1247 4334 1287 4389 ef.
1304 4333 1447 4390 Calenum

267 4431 305 4484 ΙΙΙ
321 4436 371 4485 671
388 4428 421 4482 K.
441 4431 470 4482 et
487 4429 664 4483 Athenaeum
682 4443 747 4498 pag.
763 4426 828 4482 654¹
846 4430 922 4497 (oum
942 4428 1008 4481 nota
1027 4423 1205 4490 Oasauboni).
