3358 5132
693 385 913 450 ,69-

300 545 501 614 Certissimis
525 547 633 612 verbis
656 567 730 612 cum
753 547 850 632 plane
870 545 1035 612 contraria
1058 544 1198 610 doceant
1217 544 1389 611 Oribasius

211 659 309 740 atque
332 652 545 739 Plutarchus,
573 652 736 738 quomodo
759 674 810 717 res
834 652 1006 717 diiudicari
1028 651 1137 736 possit
1164 653 1228 717 nisi
1254 652 1389 718 alterins

6 773 18 809 Τ
130 749 134 755 ’
210 762 373 828 sententia
399 781 534 845 prorsus
561 759 683 827 reiecta
709 781 776 824 non
803 759 906 824 video.
953 755 1038 823 Nam
1065 781 1107 823 ne
1137 757 1328 824 Oribasium
1356 760 1390 825 in

210 870 285 936 Rufi
317 869 402 934 libro
436 889 550 934 vocem
582 869 718 951 στόματι
747 888 764 930 e
791 882 918 950 σοματι
949 867 1195 950 pessumdatam
1227 867 1390 933 invenisse

209 976 407 1042 coniciamus
430 974 567 1058 impedit
591 996 673 1058 quae
693 974 778 1058 apud
797 974 923 1057 σώματι
946 972 1057 1038 deesse
1076 994 1143 1037 non
1162 974 1272 1058 potuit
1294 997 1389 1059 quae-

211 1107 272 1170 que
296 1103 439 1148 errorem
462 1081 614 1146 Oribesio
638 1083 856 1146 monstrasset
878 1101 942 1145 vox
965 1079 1042 1169 ὅλῳ.
1070 1078 1254 1168 *Plutarchi
1277 1085 1387 1146 autem

209 1191 284 1256 fidei
311 1188 453 1254 multum
480 1186 567 1254 certe
595 1187 795 1268 detraheret,
823 1185 851 1251 si
875 1185 1110 1252 Kalbfleischio
1139 1187 1243 1252 amico
1272 1187 1387 1271 ntique

209 1301 295 1363 esset
323 1295 581 1380 assentiendum,
610 1295 665 1380 qui
693 1294 727 1357 in'
754 1292 868 1358 libello
897 1293 935 1357 de
958 1291 1196 1378 Pseudogaleni
1224 1291 1299 1380 περὶ
1327 1303 1387 1359 τοῦ

208 1416 278 1482 πῶς
300 1402 504 1489 ἐμψυχοῦται
526 1402 567 1466 τά
589 1402 717 1486 ἔμβρυα
740 1397 834 1484 (Abb.
857 1401 886 1464 d.
910 1398 996 1464 Berl.
1014 1400 1112 1464 Acod.
1140 1404 1224 1467 1895
1247 1402 1387 1484 Appeud.

209 1532 283 1598 pag.
302 1511 361 1596 24,
383 1508 419 1596 2)
450 1509 488 1574 de
511 1506 681 1572 Plutarchi
705 1506 811 1591 capite
835 1505 866 1570 V
888 1504 929 1570 16
953 1506 1000 1570 sic
1026 1505 1162 1571 iudicat:
1194 1508 1278 1572 Man
1304 1509 1388 1589 mass

209 1621 267 1684 mit
287 1619 342 1682 der
360 1614 560 1699 Mdylictlceit
580 1614 719 1693 reclmcn,
742 1613 813 1694 dass
831 1612 995 1677 Lemmata
1017 1614 1208 1697 ausqefolleu
1230 1617 1302 1680 oder
1323 1636 1388 1680 oer-

208 1725 333 1792 sclwbeu
369 1723 449 1788 sind.
497 1719 560 1787 Sed
595 1725 633 1786 ut
670 1720 886 1804 supplendum
919 1740 989 1784 esse
1027 1721 1062 1784 in
1094 1721 1200 1805 primo
1233 1721 1386 1786 lemmate

209 1853 328 1897 nomen
354 1829 582 1915 Hippocratis,
616 1827 668 1892 cui
694 1828 781 1914 hanc
809 1826 1008 1891 sententiam
1036 1827 1158 1892 eisdem
1184 1827 1251 1894 fere
1278 1830 1386 1896 verbis

210 1961 395 2024 expressam
427 1936 546 2002 tribuit
577 1934 707 1999 Psellus
741 1931 891 2020 (Cramer
922 1933 1092 1999 Anecdota
1124 1935 1227 2000 Paris.
1254 1935 1271 2000 I
1297 1934 1386 2023 342),

209 2045 304 2112 facile
327 2046 358 2111 ei
380 2045 520 2131 largior,
542 2043 590 2106 ita
618 2041 765 2106 ordinem
787 2041 980 2105 lemmatum
1003 2041 1171 2105 turbatum
1194 2064 1264 2108 esse
1292 2064 1386 2129 nega-

209 2153 319 2219 verim.
357 2151 563 2234 Quamquam
587 2149 674 2213 enim
698 2170 714 2212 e
737 2145 924 2212 Stoicorum
946 2147 1008 2213 hac
1032 2149 1071 2214 de
1094 2171 1128 2214 re
1152 2148 1283 2232 placitis
1307 2148 1387 2214 alibi

208 2261 255 2326 nil
279 2264 329 2324 est
352 2258 511 2324 traditum
539 2279 577 2322 ac
603 2278 644 2321 ne
668 2256 707 2320 de
731 2253 912 2320 Democriti
936 2259 969 2319 et
992 2255 1128 2340 Epicuri
1157 2256 1289 2341 quidem
1314 2279 1387 2322 sen-

209 2367 312 2433 tentia
334 2365 402 2431 ulla
426 2367 556 2430 exstant
579 2362 779 2446 testimonia,
803 2366 912 2426 tamen
935 2362 987 2428 his
1012 2367 1099 2430 certe
1118 2363 1387 2448 Hippocratioam

208 2475 298 2539 illem
331 2473 517 2558 opinionem
550 2474 638 2535 recte
671 2468 773 2533 tribui
809 2491 869 2552 pro
903 2473 993 2534 certo
1027 2468 1142 2536 habeo.
1190 2471 1386 2536 Aristoteles

208 2582 294 2646 enim
317 2583 494 2665 postquam
516 2577 620 2643 fusius
644 2577 683 2641 de
705 2574 854 2640 umbilici
876 2577 995 2640 natura
1018 2576 1119 2643 verba
1139 2576 1218 2644 fecit
1242 2576 1295 2665 (de
1315 2599 1387 2665 gen.

209 2711 258 2753 an.
277 2687 311 2752 Π
329 2687 359 2771 4,
378 2687 444 2752 740
463 2708 482 2749 a
500 2681 568 2770 30),
591 2683 657 2748 iam
681 2683 719 2748 αἱ
737 2681 859 2767 φλέβες
880 2682 989 2765 inquit
1012 2674 1086 2750 οἷον
1110 2684 1196 2769 ῥίζαι
1219 2686 1303 2770 πρὸς
1325 2686 1387 2769 τὴν

208 2792 349 2880 ὑστέραν
381 2791 587 2859 συνάπτουσι
619 2789 661 2855 dc'
692 2785 740 2854 ὧν
768 2788 929 2872 λαμβάνει
956 2791 994 2855 τὸ
1022 2791 1131 2876 κύημα
1158 2791 1220 2873 τὴν
1247 2793 1386 2876 τροφή.

208 2902 327 2966 τούτου
350 2902 415 2985 γάρ
433 2899 531 2984 χάριν
556 2896 592 2963 ἐν
611 2907 682 2974 ταῖς
700 2893 853 2981 ὑστέραις
875 2891 967 2979 μένει
990 2899 1028 2962 τὸ
1048 2900 1144 2985 ζῷον,
1167 2895 1240 2963 ἀλλ’
1262 2898 1323 2982 οὐχ
1343 2898 1388 2976 ὡς

208 3010 416 3094 Δημόκριτός
438 3022 542 3090 φησιν
569 3005 626 3070 ἵνα
654 3003 890 3086 διαττλάττηται
917 3003 958 3066 τά
985 3006 1086 3090 μόρια
1114 3006 1196 3071 κατὰ
1223 3006 1264 3071 τά
1286 3007 1388 3090 μόρια

208 3127 265 3201 τῆς
282 3116 430 3202 ἐχούσης.
465 3113 572 3180 Docet
590 3112 755 3199 oppositio
771 3111 996 3178 Democritum
1019 3135 1212 3198 persuasum
1232 3113 1387 3178 habuisse

208 3225 248 3290 ad
271 3223 482 3289 nutriendum
505 3221 630 3288 foetum
653 3242 720 3285 non
741 3240 874 3284 necesse
898 3239 970 3282 esse
994 3242 1068 3285 eum
1091 3220 1126 3284 in
1144 3223 1239 3284 utero
1263 3218 1386 3284 diutius

209 3330 416 3415 commorari,
440 3327 508 3394 scil.
534 3350 631 3412 quem
654 3348 710 3391 ore
734 3346 850 3412 sugere
874 3325 1035 3413 crederet,
1062 3349 1128 3392 non
1151 3325 1308 3392 umbilico
1332 3325 1386 3390 ali.

208 3437 407 3504 Umbilicum
431 3436 535 3521 igitur
557 3433 766 3500 Democritus
791 3434 1009 3520 ligamentum
1037 3439 1168 3500 tuntum
1196 3455 1260 3519 quo
1288 3433 1388 3498 matri

209 3546 315 3611 infans
330 3548 418 3610 esset
433 3562 574 3608 conexus
590 3541 796 3608 existimasse
811 3543 930 3625 potest.
964 3540 1156 3608 Assentitur
1170 3543 1240 3627 ipse
1255 3539 1389 3628 (fragm.

209 3654 255 3722 ed.
269 3651 414 3718 Mullach
432 3671 506 3734 pag.
521 3646 615 3737 209):
635 3649 653 3714 ὁ
672 3648 823 3733 ὀμφαλὸς
839 3657 972 3731 πρῶτον
992 3648 1029 3714 ἐν
1048 3652 1222 3734 μήτρῃσιν,
1241 3649 1286 3726 ὥς
1303 3664 1388 3732 φησι

209 3761 429 3843 Δημόκριτος,
451 3754 697 3842 ἀγκυρηβόλιον
721 3754 826 3821 σάλου
848 3751 904 3819 καὶ
922 3755 1050 3840 πλάνης
1073 3755 1243 3840 ἐμφύεται,
1265 3765 1387 3838 πεῖσμα

208 3864 262 3931 καὶ
288 3871 397 3950 κλῆμα
424 3871 470 3951 τῷ
499 3859 665 3950 γινομένῳ
692 3871 807 3951 καρπῷ
835 3859 890 3926 καὶ
918 3860 1084 3945 μέλλοντι.
1129 3862 1245 3947 Itaque
1269 3861 1387 3927 Demo-

208 3973 281 4039 criti
313 3974 434 4037 lemma
462 3993 520 4036 suo
548 3970 622 4034 loco
649 3968 798 4055 positum
825 3972 884 4034 est.
930 3968 1110 4055 Epicurum
1139 3973 1249 4035 antem
1282 3969 1320 4032 ut
1348 3966 1386 4032 de

208 4081 309 4148 totius
332 4077 462 4166 generis
485 4077 620 4142 humani
628 4075 669 4163 ¹),
694 4077 743 4140 ita
766 4079 805 4143 de
827 4075 971 4142 hominis
1001 4098 1131 4162 quoque
1158 4075 1284 4161 origine
1313 4095 1386 4139 cum

209 4187 365 4254 Abderita
389 4186 592 4250 consensisse
616 4185 684 4250 veri
708 4188 760 4249 est
783 4181 998 4251 simillimum.

208 4295 419 4308 ——ae

298 4352 322 4413 1)
341 4346 454 4401 Censor.
470 4349 495 4408 4,
510 4348 540 4398 9:
560 4342 722 4398 Democrito
736 4357 803 4396 vero
819 4340 972 4397 Abderitae
989 4360 1023 4398 ex
1038 4358 1111 4412 aqua
1124 4340 1249 4409 limoque
1264 4337 1387 4411 primum

206 4436 296 4492 visum
315 4451 377 4489 esse
396 4430 524 4496 homiues
542 4434 711 4502 procreatos.
738 4430 799 4487 Nec
817 4431 901 4498 longe
921 4446 1002 4487 secus
1020 4429 1171 4501 Epicurus:
1190 4429 1214 4482 is
1233 4428 1308 4482 enim
1329 4445 1388 4484 cre-

208 4523 279 4582 didit
288 4523 355 4580 limo
371 4518 493 4578 calfacto
508 4523 603 4576 uteros
616 4521 712 4576 nescio
726 4538 798 4590 quos
812 4516 955 4574 radicibus
965 4521 1058 4576 terrae
1068 4519 1251 4574 cohaerentes
1265 4516 1387 4589 primum
