3358 5132
699 351 919 417 ...55-

223 514 263 578 τδ
277 509 339 598 μὲν
354 511 508 600 γάρπερὶ
525 514 566 579 τὰ
580 509 647 580 ὦτα
664 511 757 599 πέριξ
771 515 869 580 κενεὰ
882 509 926 600 (v.
938 537 969 599 p.
979 507 1037 599 43)
1053 509 1114 578 οὐκ
1132 513 1297 579 είσακούει
1315 513 1397 579 ἀλλο

223 619 244 704 ἢ
267 623 379 706 ψόφον
402 619 457 686 καλ
480 622 590 707 ἰαχήν·
619 620 671 687 ὅτι
699 618 728 686 δ’
756 620 799 686 ἀν
827 621 883 686 διδ
908 629 966 704 τῆς
988 621 1147 704 μηνιμγος
1169 619 1204 698 ές
1225 623 1284 686 τὸν
1307 618 1397 704 ἐγκέ-

219 731 330 811 φαλον
352 726 499 815 εἰσέλθῃ,
522 737 620 795 τοῦτο
644 727 854 815 διαφραδέως
876 727 1030 794 ἀκούεται
1050 727 1163 812 ταύτῃ.
1200 725 1313 814 Longe
1332 727 1396 793 alia

220 832 350 900 narium
372 838 406 900 ei
428 834 561 922 linguae
582 840 715 921 natura,
738 858 812 902 sum
837 840 871 902 ολ
893 856 989 901 nares
1011 835 1058 899 nil
1083 834 1150 900 sini
1171 834 1235 900 nisi
1260 835 1396 900 odorum

220 941 380 1007 transitus
412 947 446 1007 ei
473 941 587 1029 lingua
619 944 659 1009 ad
687 943 855 1010 diluendos
884 946 1013 1008 sanium
1046 945 1144 1026 arque
1178 942 1395 1007 extrahendos

221 1071 316 1114 susos
341 1049 458 1114 valeat.
496 1049 603 1127 Quid?
635 1050 781 1117 Aliisrns
804 1051 844 1115 da
868 1050 942 1116 aliis
966 1049 1116 1115 sensibus
1138 1048 1290 1115 Alcmaeo
1313 1049 1395 1113 iudi-

220 1157 328 1221 cavii?
375 1156 468 1233 Quod
497 1157 636 1244 cogitari
664 1181 760 1244 posse
789 1156 927 1223 clidemi
960 1157 1054 1222 docet
1087 1156 1270 1241 exemplum
1298 1153 1395 1239 (θοι.

220 1262 295 1348 510,
314 1261 359 1350 9).
404 1262 527 1329 Tamen
549 1266 660 1332 nescio
683 1265 868 1331 antestius
895 1265 980 1330 hans
1007 1264 1232 1350 quaestionem
1260 1263 1393 1332 omnino
1439 1255 1445 1266 ’

219 1390 284 1434 non
307 1370 420 1436 iniisse
442 1370 674 1438 Alcmaeonem
697 1376 859 1458 putemus.

696 1579 829 1648 fragm.
852 1578 912 1636 IX.

305 1690 425 1757 Arist.
444 1693 472 1757 d.
492 1715 546 1758 an.
564 1692 581 1757 I
599 1693 630 1779 2,
647 1673 717 1758 405Ι
734 1716 753 1758 a
771 1694 828 1759 29:
851 1696 1087 1779 παραπλησίως
1105 1690 1142 1760 δὲ
1160 1694 1290 1772 τούτοις
1308 1692 1392 1781 (scii.

217 1799 263 1864 eis
297 1800 352 1885 qui
380 1803 551 1885 κινητικόν
577 1825 610 1866 τι
642 1801 786 1866 animam
817 1823 888 1866 esse
921 1799 1097 1889 putabani)
1128 1799 1184 1866 καὶ
1208 1798 1392 1886 Ἀλκμαίων

216 1908 323 1972 ἔοικεν
344 1906 527 1993 ὑπολαβεῖν
549 1906 626 1994 περὶ
648 1917 770 1994 ψυχηςτ
793 1905 875 1993 φησὶ
899 1909 962 1991 γὰρ
984 1909 1088 1992 αὐτην
1111 1907 1283 1976 ἀθάνατον
1305 1903 1391 1974 εἶναι

215 2013 270 2078 διὰ
297 2015 335 2078 τὸ
362 2012 504 2081 ἐοικέναι
531 2027 601 2093 τοϊς
628 2015 823 2093 ἀθανάτοις·
854 2025 953 2082 τοῦτο
982 2012 1013 2079 δ’
1038 2016 1206 2100 ὑπάρχειν
1235 2016 1318 2101 αὐτῇ
1347 2016 1392 2092 ὡς

216 2117 266 2184 ἀεὶ
288 2119 481 2208 κινουμένη·
509 2129 679 2188 κινεῖσθαι
700 2124 765 2210 γὰρ
787 2120 843 2187 καλ
864 2123 904 2188 τδι
926 2128 1006 2188 θεῖα
1028 2122 1136 2188 πάντα
1158 2132 1305 2208 συνεχῶς
1327 2120 1389 2206 ἀεί,

215 2229 369 2312 σελήνην,
391 2229 499 2314 ἥλιον,
521 2232 600 2308 τοὺς
622 2228 761 2316 ἀστέρας
784 2227 840 2294 καὶ
862 2230 924 2295 τὸν
946 2230 1094 2315 οὐρανὸν
1117 2229 1207 2295 ὅλον.

304 2333 532 2421 Simplicius
556 2338 601 2402 ad
620 2338 640 2402 l.
659 2338 680 2402 l.
700 2335 798 2425 (pag.
817 2339 870 2422 32,
889 2339 909 2404 3
934 2335 1146 2423 Hayduck):
1171 2333 1391 2422 ὁἈλκμαίων

215 2443 445 2529 Κροτωνιάτης
461 2498 468 2510 .
484 2498 490 2510 .
506 2497 513 2510 .
528 2497 536 2513 .
553 2448 639 2511 ἔοικε
658 2497 664 2510 .
680 2497 687 2510 .
705 2447 823 2531 ἀριστα
855 2448 1055 2529 φιλοσοφεῖν
1088 2445 1132 2521 ὡς
1158 2443 1195 2510 ἐκ
1225 2455 1294 2509 τῶν
1324 2454 1389 2510 νῦν

214 2548 401 2633 λεγομένων
428 2555 675 2637 τεκμαίρεσθαι·
710 2552 881 2618 ἀθάνατον
908 2552 972 2637 γὰρ
1000 2550 1089 2636 λέγει
1115 2552 1177 2635 την
1204 2552 1317 2637 ψυχὴν
1344 2551 1390 2629 ὡς

214 2654 362 2724 ἐοικυῖαν
383 2671 454 2738 τοῖς
477 2659 667 2737 ἀθανάτοις.

300 2763 541 2851 Philoponus
569 2767 613 2834 ad
646 2767 710 2833 λλ
738 2765 836 2853 (pag.
860 2765 916 2850 88,
937 2767 977 2831 11
1007 2767 1060 2830 ed.
1088 2764 1304 2854 Hayduak):
1332 2763 1387 2831 καὶ

212 2865 309 2948 οὗτος
331 2868 567 2960 Πυθαγόρειος
594 2874 642 2939 ὢν
669 2875 716 2951 είς
743 2874 780 2940 τὸ
809 2874 1064 2958 κινητικώτατον
1091 2882 1149 2958 της
1172 2882 1279 2960 ψυχῆς
1305 2873 1387 2940 ἀπο-

210 2975 333 3060 βλέψας
361 2979 397 3045 έκ
420 2990 480 3047 τοῦ
503 2980 664 3068 οὐρανίου
692 2981 843 3064 σώματος
870 2979 975 3063 αὐτὴν
998 2982 1111 3063 ἔλεγεν
1134 2974 1221 3046 εἶναι
1248 2979 1304 3046 καὶ
1332 2981 1388 3046 διδι

211 3094 309 3150 τοῦτο
331 3085 504 3153 ἀθάνατον
523 3125 565 3136 -
590 3086 778 3171 ἀεικίνητον
801 3087 864 3171 γὰρ
887 3086 997 3171 ὥσπερ
1020 3085 1157 3152 ιαἰκελνα
1176 3125 1217 3134 -
1242 3088 1388 3154 αὐτόθεν

212 3195 471 3279 συλλαμβάνων,
501 3194 553 3260 ὅτι
579 3195 620 3259 τὰ
648 3193 789 3280 οὐράνια
816 3192 977 3259 ἀθάνατα.
1024 3193 1106 3258 ὅθεν
1134 3188 1197 3258 οὖν
1225 3189 1322 3271 οὗτος
1349 3198 1387 3260 τὸ

210 3302 394 3380 γνωστικὸν
417 3300 532 3368 ἐδίδου
555 3309 595 3386 τῇ
618 3309 724 3387 ψυχῇ,
751 3302 783 3365 εί
804 3295 865 3384 μέν
892 3297 948 3365 καὶ
970 3299 1072 3377 ἄλλας
1094 3300 1200 3378 αίτίας
1225 3297 1386 3367 ἀπεδίδου

209 3414 265 3489 τῆς
280 3407 434 3490 γνώσεως
451 3408 563 3493 αὐτῆς,
582 3407 643 3473 οὐκ
662 3407 743 3492 ἐμὸν
762 3405 880 3491 λέγειν.
913 3406 989 3472 οὔτε
1007 3407 1072 3490 γὰρ
1089 3408 1130 3473 τὰ
1148 3407 1387 3493 συγγράμματα

207 3523 274 3578 τῶν
297 3511 431 3600 ἀνδρῶν
458 3516 587 3581 τούτων
614 3517 773 3601 πρόχειρα
800 3513 881 3598 ἡμῖν
903 3513 994 3579 ἐστιν
1022 3515 1098 3582 οὔτε
1122 3515 1140 3581 ὁ
1162 3507 1387 3601 Ἀριστοτέλης

207 3617 309 3685 πλέον
331 3644 363 3685 τι
385 3623 514 3686 τούτων
537 3621 699 3704 ἱστόρησε.

297 3725 517 3812 Sophonias
539 3726 580 3791 in
601 3726 835 3813 paraphrasi
857 3727 913 3793 l.l.
933 3723 1032 3814 (pag.
1054 3726 1104 3814 14,
1119 3727 1158 3792 31
1181 3726 1386 3817 Hayduck)

208 3833 248 3897 ad
271 3833 407 3901 verbum
428 3833 641 3902 Arisiotelica
664 3835 890 3920 transscripsit
912 3833 977 3900 nisi
1000 3836 1086 3921 quod
1107 3840 1184 3920 post
1198 3832 1385 3920 Ἀλκμαίων

206 3939 344 4006 inseruit
366 3943 384 4008 ὁ
408 3941 645 4027 Κροτωνιάτης
667 3943 907 4027 Πυθαγορικὸς
930 3942 988 4008 ὥν.

292 4046 534 4114 Τλιοιαίελίυε
558 4047 597 4112 in
620 4049 854 4134 paraphrasi
878 4049 937 4114 l.l.
958 4046 1069 4137 (1124
1089 4045 1282 4136 Spengel):
1307 4050 1385 4115 τού-

205 4176 274 4232 τοις
301 4150 339 4219 aa
366 4158 602 4239 παραπλησίως
628 4153 684 4220 καὶ
707 4154 893 4240 Ἀλκμαίων
921 4155 939 4220 ὁ
969 4157 1203 4242 Κροτωνιάτης
1230 4157 1384 4240 φυσικός·

205 4257 289 4344 φησὶ
310 4261 375 4346 γὰρ
398 4261 503 4344 αὐτὴν
526 4261 698 4329 ἀθάνατον
721 4257 807 4328 εἶναι
835 4263 891 4328 διὰ
914 4263 951 4328 τὸ
974 4263 1116 4348 μάλιστα
1145 4259 1287 4329 ἐοικέναι
1315 4273 1384 4342 τοῖς

205 4366 389 4446 ἀθανάτοις
411 4366 463 4434 ἀεὶ
486 4367 702 4454 κινουμένην·
732 4375 900 4436 κινεῖσθαι
921 4369 985 4455 γὰρ
1012 4367 1069 4434 καὶ
1094 4370 1134 4433 τίι
1163 4370 1246 4434 ἄλλα
1274 4369 1382 4438 πάντα

207 4485 364 4560 συνεχῶς,
387 4475 495 4560 ἥλιον,
519 4477 673 4560 σελήνην,
696 4477 775 4552 τοὺς
797 4473 947 4562 ἀστέρας,
969 4475 1028 4542 τὸν
1053 4475 1209 4561 οὐρανόν.
