3358 5132
711 347 929 409 ...61-

233 503 331 567 bente
355 502 451 568 aliter
473 503 635 569 indicasse
657 508 769 589 potest
798 509 896 589 atque
920 504 959 569 de
983 505 1062 569 luna
1083 504 1189 571 varias
1213 504 1335 570 formas
1358 526 1411 568 ex-

232 607 437 697 primente.¹)
474 609 521 675 At
545 610 584 676 de
608 611 686 676 solis
710 610 892 677 defectibus
916 611 992 696 quid
1015 611 1227 696 putabimus?
1263 610 1410 677 Aliteme

234 737 289 782 eos
303 716 375 781 fieri
393 717 595 783 existimavit
610 722 708 802 atque
726 718 846 783 lunae?
865 717 919 783 An
932 717 1065 784 omnino
1080 717 1247 804 neglexit?
1267 717 1410 782 Zellerus

233 845 315 908 quae
340 821 500 888 Stobaeus
525 825 626 890 tradit
648 825 697 889 ita
721 824 906 911 coniungit,
936 829 972 890 ut
995 828 1166 909 utramque
1190 825 1322 889 stellam
1344 847 1410 889 non

232 930 281 994 ita
303 951 416 996 cauam
439 920 538 1015 etque
558 931 696 1015 scaphae
716 931 856 997 similem
865 929 891 1018 ²)
911 932 1142 997 Alcmaeonem
1161 931 1293 996 finxisse
1312 932 1409 996 dicat.

233 1035 356 1102 Verum
380 1037 570 1124 diligentius
595 1037 784 1104 distinxisse
807 1039 961 1123 antiquos
985 1039 1072 1104 inter
1096 1039 1265 1104 stellarum
1287 1038 1409 1102 formas

233 1149 391 1210 πλατεῖαν
416 1149 450 1209 et
473 1146 657 1229 σκαφοειδῆ
686 1144 941 1212 existimaverim
965 1142 1019 1231 (cf.
1044 1145 1160 1210 Aurius
1183 1144 1269 1209 Plac.
1289 1144 1322 1208 II
1341 1143 1410 1232 22),

233 1273 331 1334 quam
354 1254 393 1315 ut
415 1251 450 1316 in
472 1274 574 1318 unum
596 1273 651 1317 eas
676 1252 871 1318 confundere
893 1252 999 1318 liceat

710 1459 843 1527 Fragm.
866 1458 927 1515 n.

322 1589 486 1656 ArIstot.
509 1591 695 1675 problem.
717 1589 815 1656 XVII
839 1593 869 1676 3,
888 1591 953 1656 916
978 1615 997 1656 a
1020 1592 1077 1656 33:
1104 1594 1182 1670 τοὺς
1208 1590 1409 1678 ἀνθρώπους

233 1695 338 1781 φησὶν
357 1695 542 1783 Ἀλκμαίων
567 1699 623 1762 διά
645 1708 744 1764 τοῦτο
767 1697 995 1779 ἀπόλλυσθαι,
1023 1699 1073 1764 ὅτι
1097 1699 1138 1764 οὐ
1162 1700 1323 1765 δύνανται
1347 1700 1408 1783 τὴν

233 1801 338 1890 ἀρχὴν
370 1813 415 1893 τῷ
442 1804 527 1870 τέλει
556 1804 742 1890 προσάψαι,
772 1817 907 1889 κομψῶς
937 1806 1077 1891 εἰρηκὼς
1103 1812 1138 1870 εί
1160 1830 1210 1883 τις
1242 1807 1287 1883 ὡς
1317 1807 1408 1893 τύπῳ

233 1911 415 1995 φράζοντος
446 1912 551 1978 αὐτοῦ
589 1909 784 1997 ἀποδέχοιτο
816 1909 871 1977 καὶ
908 1912 952 1996 μὴ
990 1913 1187 1998 διακριβοῦν
1223 1911 1335 1978 ἐθέλοι
1372 1915 1409 1978 τὸ

232 2017 362 2102 λεχθέν.

322 2125 487 2192 Michael
501 2125 737 2211 Apostolius
751 2125 932 2191 Proverb.
948 2124 1053 2191 Ceut.
1064 2125 1178 2191 XVIII
1189 2125 1233 2191 50
1243 2123 1408 2213 (Corpus
1536 2176 1540 2183 .

232 2231 491 2320 paroemiogr.
524 2233 575 2297 ed.
600 2233 770 2298 Leutsch
803 2238 842 2297 et
870 2231 1141 2298 Schneidewin
1167 2230 1315 2320 11674):
1347 2233 1409 2316 τὴν

233 2337 339 2424 ἀρχὴν
363 2339 403 2405 οὐ
426 2341 556 2426 δυνήσῃ
579 2348 625 2427 τῷ
648 2338 734 2405 τέλει
756 2339 941 2424 προσάψαι]
962 2335 1146 2423 Ἀλκμαίων
1169 2337 1257 2402 τοῦτ’
1285 2341 1347 2424 ἔφη
1371 2340 1409 2403 τὸ

231 2447 309 2523 τοὺς
336 2445 537 2528 ἀνθρώπους
569 2443 780 2511 ἀπόλλυσθαι
812 2447 857 2530 μὴ
887 2448 1095 2530 δυναμένους
1126 2447 1188 2528 τὴν
1215 2443 1323 2529 ἀρχὴν
1350 2455 1409 2529 τῆς

234 2555 316 2639 ζῳῆς
338 2561 383 2640 τῷ
406 2551 492 2618 τέλει
515 2552 698 2637 προσάψαι·
721 2553 842 2628 κύκλος
863 2552 927 2636 γάρ
951 2550 994 2616 διν
1016 2546 1067 2634 ἣν.
1093 2589 1135 2596 -

322 2658 488 2724 Meinersii
502 2657 624 2746 (Geset.
638 2659 667 2723 ά.
681 2657 862 2724 Wrsserzsch.
876 2660 911 2722 in
922 2656 1151 2723 Grr'echenland
1167 2679 1197 2722 ιι.
1207 2655 1289 2722 Rom
1302 2655 1318 2720 I
1329 2657 1408 2744 737)

231 2763 348 2830 falsam
366 2763 686 2850 interpretationem:
711 2765 772 2831 Die
786 2763 956 2831 Μοισαίων
975 2765 1090 2830 renum
1109 2786 1171 2829 ναν
1189 2766 1341 2846 desweyen
1359 2766 1409 2829 ias

238 2871 413 2958 Verderben‚
436 2874 505 2938 weit
523 2875 568 2938 sie
590 2873 637 2937 bei
654 2871 744 2936 thren
762 2872 978 2954 Ηαιιδλιιαροκ
1000 2871 1085 2937 nicht
1106 2877 1177 2938 stets
1199 2873 1258 2936 den
1276 2871 1409 2954 Λαίνας

231 2981 289 3043 mit
315 2979 383 3044 dem
406 2983 558 3064 Αιιοροκρ
584 2979 747 3045 νονδίκάια
775 2981 847 3044 oder
873 2979 959 3044 nicht
984 2981 1095 3044 immer
1122 2980 1180 3044 das
1206 2978 1299 3042 Εκᾱι
1326 2977 1409 3042 ihrer

240 3085 524 3170 Unteraedmunyen
542 3086 706 3169 abelem
731 3107 829 3171 quam
847 3083 1098 3169 Philippsonum
1116 3084 1184 3150 ianr
1202 3084 1408 3170 redarguisse

231 3194 360 3258 invenio
384 3190 458 3279 (1.1.
482 3214 556 3279 pag.
582 3190 673 3279 185),
702 3191 803 3258 miror
827 3216 847 3257 a
870 3189 987 3278 Caro⁸)
1010 3191 1153 3276 probari.
1199 3189 1304 3255 Immo
1328 3191 1408 3255 dicit

232 3299 426 3365 Crotoniata
456 3299 599 3365 hominis
632 3322 750 3384 corpus
783 3299 917 3364 interire
956 3302 1130 3384 propterea
1163 3319 1295 3363 necesse
1328 3319 1408 3382 esse,

232 3407 318 3491 quod
341 3406 399 3470 fini
422 3405 554 3472 initium
576 3407 719 3492 iungere,
742 3406 774 3472 h.
794 3431 821 3473 e.
845 3407 1002 3472 circulum
1026 3428 1121 3491 quem
1143 3405 1252 3470 anima
1275 3407 1409 3469 aeterna

232 3513 383 3579 conficiat
401 3515 518 3580 ducere
532 3537 598 3580 non
612 3514 727 3598 possIt.
758 3513 798 3579 In
813 3513 970 3580 circulum
990 3516 1101 3578 autem
1117 3513 1259 3578 animam
1274 3513 1408 3577 circum-

230 3619 308 3684 ferri
331 3644 405 3686 eam
428 3622 469 3686 ob
494 3644 563 3686 rem
589 3621 714 3706 posuit,
744 3621 831 3705 quod
859 3621 921 3686 hac
945 3625 1074 3685 tentum
1098 3621 1151 3684 via
1178 3620 1214 3684 in
1239 3623 1408 3684 aeternum

230 3727 353 3811 aliquid
381 3728 506 3794 moveri
533 3750 629 3812 posse
658 3727 785 3812 antiqui
817 3727 979 3813 putabant
1012 3725 1129 3812 (Arist.
1156 3726 1250 3812 phys.
1274 3723 1357 3790 VIII
1378 3727 1408 3810 9,

231 3835 296 3898 265
315 3857 334 3899 a
352 3837 409 3902 25:
437 3835 498 3918 τὴν
526 3831 588 3919 μὲν
616 3829 679 3900 οὖν
707 3835 816 3924 κύκλῳ
845 3834 955 3919 φοράν
983 3830 1150 3919 ἐνδέχεται
1174 3832 1287 3898 άΐδιον
1311 3828 1408 3914 εἶναι,

230 3939 348 4006 τῶνδ’
375 3945 488 4009 άλλων
512 3941 589 4008 οὔτε
612 3942 723 4028 φοράν
747 3940 817 4008 οὐτ’
845 3943 951 4025 ἄλλην
974 3937 1160 4028 οὐδεμία).

321 4119 347 4189 1)
365 4121 464 4190 Neque
478 4116 554 4174 enim
569 4118 668 4174 dubito
686 4116 754 4188 quin
769 4119 800 4172 et
814 4117 972 4172 defectuum
988 4116 1019 4170 et
1031 4115 1179 4172 modorum
1193 4115 1277 4170 lunae
1292 4113 1409 4170 eundern

230 4223 341 4264 cenem
361 4197 423 4265 eise
441 4206 592 4278 putaverit.

318 4300 347 4366 2)
365 4299 459 4367 flecte,
479 4298 700 4366 καολιιψδιιοίςι
717 4296 830 4351 Gestar.

319 4389 345 4456 ³)
364 4387 450 4444 Ιιλιιιι
467 4403 518 4442 cur
538 4386 632 4442 cocu.
651 4387 678 4441 d.
697 4385 873 4454 Ρλιλοοορλίι
890 4385 966 4454 (opp.
985 4382 1024 4438 IV
1038 4386 1111 4453 2‘15).
1148 4382 1228 4439 idem
1246 4381 1411 4454 Epicharmi

228 4491 349 4547 versum,
368 4491 453 4548 quem
472 4473 567 4532 Cicero
585 4475 668 4531 Tusc.
687 4475 740 4546 le,
756 4479 789 4527 ιο
807 4471 897 4542 affert,
916 4472 1082 4528 Alcmaeoni
1100 4470 1173 4530 falso
1192 4469 1303 4528 tribuit.
