3358 5132
718 379 938 444 ..ηχ-

242 538 344 624 ξηροῦ
370 545 503 624 ψυχροῦ
531 545 661 622 θερμοῦ
688 548 808 624 πικροῦ
837 537 974 623 γλυκέος
1004 537 1059 604 καὶ
1087 551 1154 604 τῶν
1182 544 1325 623 λοιπῶν,
1356 541 1418 624 τὴν

242 643 272 710 d’
295 645 332 711 ἐν
355 646 468 722 αὐτοῖς
491 648 675 730 μοναρχίαν
697 649 801 712 νόσου
820 649 1009 731 ποιητικήν·
1032 649 1244 731 φθοροποιὸν
1263 648 1326 732 γάρ
1346 645 1418 712 ἕκα-

241 752 338 838 τέρου
361 755 556 838 μοναρχίαν.
596 751 652 818 καὶ
674 755 778 819 νόσον
801 758 999 838 συμπίπτειν
1022 753 1066 830 ὡς
1090 749 1151 836 μὲν
1174 749 1231 838 ὑφ’
1255 749 1296 818 οὗ
1318 753 1418 835 ὑπερ-

241 864 324 944 βολῇ
348 862 552 943 θερμότητος
573 858 594 943 ἢ
617 861 834 945 ψυχρότητος,
858 860 902 937 ὡς
925 856 962 924 dt
986 859 1019 938 ἐξ
1039 855 1080 925 οὗ
1104 860 1160 924 διὰ
1178 864 1307 943 πλῆθος
1326 851 1418 925 τοἷον

242 967 304 1051 (sic
328 966 429 1048 Plut.;
456 970 586 1050 πλῆθος
612 975 737 1050 τροφῆς
765 963 872 1053 Stob.)
900 967 920 1050 ἢ
949 963 1103 1054 dadacum!
1125 967 1170 1044 ὡς
1198 961 1229 1030 d'
1256 964 1291 1030 ίν
1320 957 1371 1042 οἷς
1397 965 1418 1048 ἢ

242 1065 321 1157 αἷμα
344 1071 410 1156 <ἣ>
433 1074 556 1155 μυελὸν
579 1070 600 1155 ἢ
624 1071 825 1157 ἐγκέφαλον·
848 1073 904 1138 Ῠἐν
927 1075 990 1159 γὰρ
1012 1075 1143 1151 τούτοις
1165 1068 1245 1138 ποτὲ
1267 1072 1329 1137 κάκ
1351 1084 1419 1137 τῶν

242 1179 367 1258 ἔξωθεν
395 1181 526 1260 αἰτιῶν,
558 1178 691 1244 ὑδάτων
718 1191 825 1245 ποιῶν
856 1179 877 1264 ἢ
904 1183 1013 1266 χώρας
1040 1181 1060 1264 ἢ
1088 1183 1199 1246 τόπων
1228 1179 1290 1262 (sic
1318 1179 1418 1260 Plut.;

241 1289 354 1352 κόπων
379 1282 484 1371 Stob.)
507 1284 572 1369 <ἢ>
595 1284 740 1369 ἀνάγκης
768 1285 788 1368 ἢ
815 1295 882 1350 τῶν
912 1287 1043 1363 τούτοις
1065 1273 1312 1372 παραπλησίων.
1357 1288 1419 1370 την

244 1389 281 1458 dt
305 1391 423 1476 ὑγείαν
445 1391 506 1474 τὴν
529 1392 718 1476 σύμμετρον
740 1402 809 1456 τῶν
830 1402 938 1457 ποιῶν
960 1401 1090 1478 κρᾶσιν.
1113 1430 1156 1439 -

324 1516 418 1606 Ωιταε
453 1513 662 1602 Sprengelius
696 1514 819 1602 (Gesct.
852 1517 881 1582 d.
913 1518 998 1583 Med.
1030 1515 1046 1580 l
1078 1514 1159 1605 250)
1193 1519 1348 1602 protulit,
1381 1523 1418 1583 ut
1537 1567 1540 1572 -

243 1625 389 1710 spurium
417 1645 487 1688 esse
514 1623 577 1689 hoc
604 1623 827 1708 fragmentum
855 1625 1032 1708 evinceret,
1061 1623 1108 1689 nil
1136 1625 1242 1689 valere
1270 1624 1417 1690 Littre'us

243 1729 413 1818 (Hippocr.
431 1729 448 1794 Ι
469 1726 525 1817 14)
544 1729 788 1796 demonstravit.
825 1729 933 1816 Ipsius
956 1735 1068 1796 tamen
1087 1728 1299 1797 Crotoniatae
1318 1732 1418 1797 verba

245 1838 374 1922 excerpi
396 1859 493 1922 posse
517 1838 663 1922 despero,
686 1860 760 1903 cum
782 1839 845 1903 hoc
869 1838 1093 1924 fragmentum
1115 1860 1182 1902 non
1206 1837 1313 1904 solum
1333 1837 1418 1904 Stoi-

244 1967 354 2010 corum
379 1945 529 2010 manibus
559 1949 670 2028 aperte
696 1943 921 2030 tractatuml),
950 1945 1005 2009 sed
1034 1945 1134 2009 etiam
1157 1945 1297 2029 pessime
1321 1946 1418 2010 tradi-

242 2049 346 2139 τουτ’)
375 2052 427 2117 sit.
473 2051 588 2136 Neque
620 2056 730 2117 tamen
762 2051 831 2116 veri
861 2051 968 2116 simile
997 2073 1067 2116 esse
1099 2052 1288 2137 negaverim
1321 2073 1417 2116 voces

202 2141 206 2150 ¹
243 2161 397 2243 ἰσονομία
420 2163 454 2224 et
476 2162 639 2244 μοναρχία
662 2180 736 2223 eum
759 2180 943 2243 usurpasse,
966 2181 1040 2223 cum
1062 2157 1116 2223 hic
1140 2158 1314 2223 verborum
1338 2180 1417 2224 usus

242 2267 283 2331 ab
308 2267 447 2331 aliorum
471 2266 670 2331 medicorum
693 2287 850 2350 sermone,
879 2269 1037 2350 quantum
1061 2265 1210 2350 equidem
1233 2266 1340 2350 uideo,
1360 2264 1418 2329 ab·

241 2372 374 2438 horreat
400 2395 505 2456 neque
532 2372 685 2439 credibile
714 2372 758 2437 sit
784 2395 906 2437 novum
935 2373 976 2437 ab
1005 2373 1220 2458 epitomatore
1249 2374 1298 2437 rei
1325 2373 1417 2438 cuius

241 2501 446 2565 nequaquam
468 2501 543 2543 rara
561 2482 611 2543 est
632 2479 755 2543 mentio
775 2479 970 2544 vocabulum
993 2479 1146 2545 hocloco
1169 2481 1285 2545 fictum
1304 2478 1416 2566 esse.³)

331 2583 493 2670 Calidum,
517 2584 687 2670 frigidum,
711 2585 847 2670 siccum,
872 2586 1044 2650 humidum
1067 2587 1180 2672 augeri
1204 2589 1303 2670 atque
1326 2608 1417 2670 prae-

240 2731 452 2738 —0—

334 2815 360 2882 1)
377 2811 447 2870 Dor.
466 2815 549 2884 proll.
564 2819 624 2868 223.
663 2816 725 2884 Ιρτο
745 2814 878 2870 Alcmaeo
897 2816 1016 2870 eundem
1039 2815 1097 2869 fere
1120 2814 1150 2868 in
1169 2815 1283 2870 modum
1307 2815 1417 2870 locutus

240 2921 300 2958 esse
319 2901 432 2958 videtur
449 2906 534 2972 atque
553 2905 681 2960 auctores
700 2903 734 2958 de
753 2905 858 2960 morbis
876 2903 919 2959 12
939 2904 990 2973 (VI
1006 2910 1113 2985 142,13
1128 2905 1171 2975 L.)
1191 2907 1220 2960 et
1238 2905 1274 2958 de
1294 2905 1385 2961 effect.
1402 2913 1416 2958 1

240 2991 290 3062 (vr
304 2997 364 3060 sos,
380 2994 416 3061 ι).

330 3083 357 3152 2)
375 3081 514 3138 Dielesius
532 3084 568 3139 ad
587 3082 723 3139 Dox.442
739 3086 799 3150 a1;
818 3081 900 3153 proll.
920 3098 983 3152 pag.
998 3088 1042 3137 30.

329 3172 357 3240 3)
375 3172 430 3226 Pro
450 3169 579 3241 ἰσονομία
601 3171 670 3225 alibi
689 3170 792 3225 dicitur
814 3171 968 3241 σύμμετρος
990 3178 1102 3241 κρᾶσις,
1125 3174 1291 3243 συμμετρία,
1316 3170 1418 3241 ἰσότης,

241 3263 397 3330 συμφωνία,
413 3259 563 3331 ἰσομοιρία,
582 3259 705 3330 ἁρμονία
718 3263 772 3315 eto.
801 3259 955 3314 Dielesium
970 3258 995 3313 si
1009 3260 1159 3329 sequimur,
1173 3262 1372 3316 Alcmaeonem
1386 3265 1419 3314 ut

239 3365 308 3404 voce
328 3348 456 3420 ἰσονομία
475 3353 602 3406 uteretur
620 3365 654 3403 eo
669 3349 822 3405 adductum
838 3366 897 3404 essa
912 3349 1046 3417 dicemus,
1066 3350 1142 3417 quod
1157 3348 1287 3419 ἰσονομία
1303 3348 1417 3419 proprio

240 3457 323 3495 sensu
340 3443 414 3496 esset
433 3456 552 3507 aequum
572 3440 645 3493 inter
664 3455 760 3494 omnes
775 3437 851 3493 cives
869 3437 913 3492 ius
933 3439 978 3492 vel
997 3438 1059 3508 ipsa
1075 3438 1175 3494 civitas
1194 3438 1285 3493 libera
1304 3438 1417 3506 (Herod.

240 3533 265 3594 a,
280 3533 328 3594 so,
342 3535 367 3597 s,
377 3535 425 3595 aa
440 3527 565 3599 Ἔμοιγε.
577 3534 601 3595 ο,
612 3533 659 3594 ss;
674 3534 700 3597 a,
711 3534 758 3595 aa
773 3534 799 3595 ι,
811 3533 858 3595 τε,
872 3527 954 3582 Plato
968 3533 1020 3582 aas
1030 3528 1064 3595 A,
1078 3533 1131 3582 cas
1141 3527 1174 3597 Β,
1188 3533 1239 3581 scr
1249 3527 1285 3594 υς
1300 3527 1417 3583 iconum

240 3616 316 3683 apud
335 3615 437 3671 Athen.
457 3617 565 3687 695B);
590 3616 630 3670 eis
653 3617 728 3672 enim
747 3616 828 3672 illum
849 3616 951 3672 vixisse
974 3616 1149 3685 temporibus
1172 3617 1274 3686 quibus
1298 3617 1419 3670 maxims

242 3704 392 3772 optimates
407 3708 437 3760 et
449 3707 600 3776 populares
615 3704 650 3760 de
665 3723 773 3761 summa
787 3723 879 3760 rerum
896 3706 1106 3760 contenderent.
1135 3705 1226 3761 Multo
1241 3708 1307 3776 post
1322 3706 1419 3761 eadem

239 3809 309 3847 voce
323 3792 456 3864 Epicurei
470 3795 513 3849 usi
528 3796 593 3850 sunt
606 3810 663 3862 qua
677 3793 870 3864 significarent
885 3795 963 3849 ‘eam
977 3795 1119 3863 naturam,
1133 3797 1166 3849 ut
1180 3794 1277 3852 omnia
1291 3795 1420 3849 omnibus

240 3881 353 3951 paribus
367 3883 447 3954 paria
462 3883 674 3953 responderent’
691 3883 759 3951 (Cic.
775 3883 801 3940 d.
818 3884 844 3939 d.
859 3885 915 3941 nat.
932 3885 942 3937 l
959 3889 1001 3954 19,
1016 3887 1072 3951 50),
1087 3885 1115 3940 h.
1126 3899 1150 3939 a.
1165 3887 1197 3939 ut
1209 3900 1302 3938 rerum
1316 3899 1421 3952 genera

238 3970 402 4041 inaequalis
415 3988 471 4028 non
486 3973 581 4026 essent
595 3970 777 4026 multitudine
795 3973 854 4028 sive
869 3971 993 4043 ipsarum
1006 3989 1100 4027 rerum
1119 3973 1178 4028 eivs
1192 3989 1227 4028 ex
1241 3972 1342 4042 quibus
1357 3987 1421 4026 cou-

238 4061 348 4116 starent
366 4065 525 4118 atomorum
544 4059 662 4132 (Hirael,
687 4061 930 4131 Πνίωεκελιακγεκ
948 4078 983 4118 τα
1004 4061 1059 4118 Cic.
1075 4064 1175 4132 philos.
1192 4062 1332 4128 Schriften
1350 4061 1420 4116 115.

239 4152 363 4219 86sqq.).
403 4147 540 4204 Similiter
565 4147 652 4204 etiam
670 4148 802 4206 limaeus
821 4169 848 4220 q.
863 4169 888 4207 v.
908 4167 973 4220 pag.
989 4151 1055 4206 99ss
1079 4150 1129 4206 καλ
1148 4145 1210 4206 ἐπεὶ
1229 4149 1349 4220 δυνάμει
1373 4146 1420 4204 ἴσα

239 4231 297 4292 dart
314 4237 409 4295 πάντα
428 4237 499 4308 (scil.
518 4237 554 4293 τὰ
573 4243 722 4308 στοιχεῖα),
744 4239 788 4294 rol
807 4237 885 4310 λόγοι
904 4240 997 4294 αἰτῶν
1017 4235 1048 4294 ἐν
1068 4238 1198 4314 ἰσονομίᾳ
1218 4233 1284 4294 ἐντί.
1322 4237 1421 4294 Latius

238 4329 318 4396 patet
336 4329 411 4398 apud
430 4326 612 4382 Plutarchum
631 4328 666 4382 de
686 4329 740 4384 dcl.
761 4344 833 4385 orac.
854 4333 889 4382 34
907 4329 984 4398 (pag.
1005 4333 1058 4382 428
1068 4328 1103 4398 Ε)
1127 4329 1206 4398 εἰπερ
1228 4324 1280 4383 οὖν
1299 4325 1317 4396 ἡ
1336 4326 1422 4396 φάσις

238 4416 357 4470 ἀπαιτεῖ
369 4416 423 4485 τὴν
442 4413 591 4486 ἰσονομίαν
610 4409 641 4470 ἐν
658 4425 756 4484 πᾶσιν,
777 4416 828 4471 καλ
846 4415 967 4486 κόσμους
986 4414 1061 4480 εἰκός
1081 4414 1138 4474 ἐστι
1157 4415 1225 4488 μήτε
1244 4417 1358 4480 πλείους
1375 4436 1422 4488 γε-

237 4501 340 4560 νέσθαι
358 4504 428 4576 μήτε
448 4499 580 4567 ἐλάττους
597 4512 653 4560 τῶν
671 4504 909 4579 παραδειγμάτων
928 4506 968 4575 (h.
984 4525 1008 4564 e.
1028 4513 1083 4562 τῶν
1100 4505 1185 4564 πέντε
1206 4507 1370 4578 στοιχείων).
