3358 5132
774 371 993 434 „22-

298 533 376 595 bata
399 530 496 597 sunt'
533 529 646 614 Neque
670 531 805 595 dubium
829 531 907 614 quin
927 532 1013 592 recte
1029 524 1194 611 Ἀλκμέων
1218 531 1251 591 et
1271 528 1409 612 Αλκμάν
1431 552 1471 593 ex

295 636 465 722 Ἀλκμάων
485 642 557 701 orta
577 659 646 701 esse
667 638 762 720 dicat,
782 659 879 720 quam
898 637 1003 719 ipsam
1023 636 1148 698 obrem
1167 656 1285 698 nomeu
1300 632 1473 718 Ἀλκμάων

298 769 337 810 ex
361 744 542 829 antiquiore
568 746 706 827 quadam
726 744 831 808 forma
846 741 1030 826 Ἀλκμαίων
1049 745 1162 805 natum
1182 763 1251 804 esse
1276 764 1341 805 non
1360 746 1472 826 potest

296 851 461 936 perleges
481 851 722 936 grammaticas.
761 851 934 927 Quaeritur
957 853 1069 912 tamen
1091 871 1169 911 uum
1188 852 1317 932 praeter
1336 848 1471 932 vulgare

296 957 464 1042 Ἀλκμάων
498 958 530 1040 (i.
555 981 580 1020 e.
601 954 802 1040 Ἀλκμάίων)
837 958 877 1020 ab
906 955 1018 1019 eodem
1047 955 1145 1018 verbo
1175 953 1343 1038 primitivo
1372 953 1472 1018 etiam

299 1064 394 1128 aliud,
420 1064 582 1147 quoddam
610 1084 728 1128 nomen
761 1062 894 1126 ductum
923 1083 992 1125 esse
1025 1060 1131 1145 possit
1158 1061 1192 1123 in
1220 1062 1319 1123 -αίων
1346 1060 1472 1140 cadens.

298 1171 349 1234 En
378 1193 530 1253 compara
562 1191 644 1253 quae
676 1168 772 1234 huius
801 1167 1007 1233 formationis
1037 1171 1168 1231 exstant
1194 1167 1329 1231 nomina
1360 1167 1394 1230 in
1424 1167 1473 1229 in-

298 1277 531 1361 scriptionibus
552 1276 647 1360 (quae
668 1277 756 1340 solae
774 1276 836 1340 hac
855 1275 889 1338 in
909 1297 942 1338 rc
963 1275 1024 1338 fide
1044 1274 1176 1358 dignae)
1191 1272 1302 1357 eisque
1317 1293 1473 1358 magnam
1506 1257 1509 1262 ¹

296 1389 424 1468 partem
438 1380 682 1466 vetustiorem¹)
698 1387 839 1446 aetatem
854 1381 1075 1445 redolentibus
1096 1402 1193 1465 quam
1207 1384 1245 1443 ut
1261 1400 1350 1443 more
1364 1384 1474 1462 poste-

298 1490 421 1554 riorum
445 1513 479 1553 αι
503 1512 562 1572 pro
586 1512 601 1554 ε
626 1489 785 1572 scriptum
810 1510 879 1552 esse
904 1488 1062 1570 suspicari
1085 1483 1239 1572 pcssis²):

339 1613 540 1697 Ἀθηναίωνε
564 1611 597 1677 O.
611 1611 638 1676 Ι.
654 1612 708 1676 Gr.
728 1614 824 1696 3794,
844 1615 872 1677 3.
893 1613 922 1677 6.
943 1612 993 1676 15.
1037 1610 1100 1675 Tit.
1120 1608 1354 1675 Chalcedonius
1379 1609 1472 1674 ‘ante

511 1721 746 1804 imperatorum
771 1723 912 1782 aetatem
936 1717 1091 1802 scriptus’
1116 1716 1256 1780 Bocckh.

339 1840 544 1929 Ἀνταίων3)τ
577 1843 724 1907 Mionnet
752 1843 933 1924 description
964 1844 1015 1906 des
1046 1842 1202 1907 κνίάαίίίαε
1234 1841 1388 1924 Soppte'm.
1423 1844 1473 1908 VI

434 2027 438 2034 Ι
510 1972 583 2036 pag.
617 1950 690 2014 586.
714 1947 1045 2024 Nummuslthodius
1069 1946 1243 2012 Caesarum
1268 1950 1472 2032 temporibus

511 2078 616 2121 casus.

340 2164 513 2229 Ἀσκαίωνι
538 2162 570 2228 O.
587 2163 611 2226 l.
628 2161 683 2226 Gr.
702 2162 798 2226 4549.
837 2160 900 2225 Tit.
919 2165 1066 2245 repertus
1086 2160 1235 2224 Phaeuae
1258 2161 1293 2224 in
1317 2161 1473 2246 oppidulo

512 2268 724 2334 Palaestinae.
762 2267 890 2334 Nomen
907 2262 1160 2333 CGOYHPOC
1184 2267 1275 2331 tertii
1298 2271 1373 2351 post
1398 2267 1473 2332 Ohr.

510 2379 577 2440 nat.
602 2376 721 2440 saeculi
744 2375 875 2439 initium
898 2375 1039 2440 indicare
1063 2375 1197 2440 videtur.

344 2505 547 2586 Elpqvcr‘av:
573 2501 759 2594 Mionnetl.
775 2502 795 2565 l.
815 2522 887 2586 pag.
908 2501 980 2566 399.
1018 2499 1181 2564 Nummus
1201 2498 1300 2564 Chius
1319 2500 1474 2586 Augusto

512 2609 693 2692 imperante
716 2608 767 2672 vel
791 2608 954 2691 prioribus
980 2607 1181 2690 temporibus
1206 2629 1308 2671 cusus.

343 2734 491 2798 Edatur:
511 2733 616 2797 Paton
640 2731 702 2795 aud
726 2731 828 2795 Hichs
853 2733 1058 2813 Inscripttoas
1081 2733 1119 2812 of
1136 2732 1193 2796 Cos
1218 2732 1290 2796 115.

363 2949 365 2952 ι
406 2895 449 2904 -
513 2854 547 2920 O.
558 2855 582 2921 l.
597 2855 650 2918 Gr.
672 2855 769 2940 2655,
787 2857 838 2920 26.
863 2854 918 2920 27:
947 2855 1009 2919 Tit.
1037 2854 1298 2920 Halicarnassius
1327 2855 1475 2940 Neptuni

559 2963 741 3026 sacerdotes
767 2984 966 3026 enumerans.
1037 3031 1041 3036 ¹

408 3125 450 3132 -
515 3085 547 3151 O.
564 3087 588 3151 l.
603 3084 657 3150 Gr.
682 3087 768 3151 8077
794 3082 849 3171 (cf.
867 3085 1026 3150 Archoeol.
1051 3087 1117 3169 Ζίμ
1146 3086 1287 3170 XXVII,
1307 3085 1377 3173 82):
1406 3088 1475 3153 Vas

557 3192 661 3280 nigris
686 3193 799 3278 figuris
825 3196 983 3256 ornatum.

346 3300 493 3365 Εὐαίωνι
514 3299 548 3365 G.
563 3301 589 3364 l.
605 3299 660 3363 Gr.
681 3300 781 3364 7537:
806 3298 874 3363 Vas
899 3298 1006 3362 rubris
1031 3299 1144 3384 figuris
1169 3303 1329 3364 ornatum.

406 3444 449 3470 ·-—
515 3423 548 3489 O.
564 3423 589 3487 Ι.
605 3423 659 3488 Gr.
685 3423 784 3489 7815:
807 3423 846 3486 ln
870 3423 985 3506 hydria
1006 3423 1099 3488 Vulc.
1122 3423 1237 3508 figuris
1261 3423 1354 3488 flavis
1377 3423 1476 3508 picta.

340 3546 501 3631 ‘Hpar'mvz
517 3547 550 3613 O.
566 3548 590 3613 I.
606 3547 661 3612 Gr.
679 3550 767 3613 4802
792 3547 905 3634 (Theb.
924 3545 1089 3634 Aegypt).

393 3780 420 3846 1)
440 3777 563 3830 Blassius
581 3777 766 3846 (Aasspracbe
784 3778 811 3832 d.
829 3775 949 3832 άλκίκαλι.8
969 3795 1030 3846 pag.
1049 3781 1082 3830 62
1094 3777 1165 3846 sqq.)
1185 3777 1268 3830 etiam
1286 3775 1478 3832 Herodianum

302 3867 432 3922 habuisse
456 3868 543 3935 negat
566 3882 615 3918 cur
632 3883 667 3919 ne
690 3886 720 3919 αι
746 3869 774 3919 et
793 3885 806 3920 ε
825 3865 935 3918 litteras
960 3863 1162 3920 confunderent
1185 3863 1317 3932 aequales
1340 3869 1478 3920 moneret.

302 3957 333 4010 ln
359 3953 588 4022 inscriptionibus
609 3951 710 4008 Atticis
734 3973 765 4007 αι
788 3955 817 4006 et
840 3972 853 4007 ε
877 3951 942 4006 inde
967 3954 1003 4008 ab
1027 3971 1099 4008 auno
1120 3959 1170 4007 150
1188 3971 1214 4022 p.
1235 3952 1298 4007 Chr.
1318 3972 1345 4008 n.
1365 3952 1478 4023 saepius

301 4042 459 4113 promiscue
469 4041 627 4096 scribuntur
637 4040 834 4111 (Meisterhans
847 4042 1019 4097 Grammatit
1034 4044 1060 4097 ά.
1071 4044 1203 4097 αίίίενλακ
1214 4042 1337 4098 Iarcbr.²
1346 4059 1411 4112 pag.
1423 4048 1478 4111 27).

392 4133 418 4201 2)
437 4130 618 4186 Removenda
638 4131 749 4185 suntin
769 4130 869 4199 quibus
889 4150 920 4183 αι
938 4131 1047 4200 syllaba
1065 4129 1152 4200 ipsius
1171 4128 1248 4186 vocis
1267 4147 1332 4199 pars
1351 4134 1395 4185 ast
1413 4133 1446 4185 ut

339 4223 433 4275 Γαίων
452 4220 481 4273 in
500 4218 587 4289 cylice
606 4220 679 4274 flava
699 4219 874 4274 nobilissima
892 4219 927 4272 ab
946 4219 1051 4288 Ergino
1072 4223 1100 4273 et
1120 4219 1308 4288 Aristophane
1327 4220 1413 4289 pieta.

339 4312 485 4364 Παλαίωνι
505 4309 550 4364 tit.
565 4308 718 4379 Delphicus
738 4307 847 4380 (collita
870 4313 955 4376 1877).

393 4402 419 4468 3)
440 4399 518 4452 Addo
539 4399 711 4468 Stephanum
737 4399 798 4467 Byr.
823 4416 844 4452 s.
864 4416 888 4452 v.
906 4395 1121 4459 Ἀνταιοάπολιςε
1145 4397 1254 4466 λέγεται
1277 4397 1326 4452 καὶ
1347 4395 1478 4455 Ἀνταίων

303 4489 339 4551 ὡς
355 4485 493 4542 Ἀκταίων.
537 4491 540 4498 ’
