3358 5132
679 288 900 350 ..47-

291 445 520 511 Chalcidius
544 446 583 510 in
605 445 703 510 Plat.
726 445 923 511 Timaeum
947 468 1029 533 pag.
1048 447 1113 511 279
1133 447 1185 512 ed.
1204 447 1379 511 Wrobel:

207 603 370 618 ........
388 551 494 626 Quare
517 551 708 637 faciendum,
732 556 769 616 ut
792 553 834 617 ad
852 556 976 618 certam
995 553 1251 638 explorationem
1270 552 1380 618 Plato·

203 660 269 726 nici
288 659 453 746 dogmatis
473 662 692 725 commentum
710 663 805 725 vetus
824 660 1001 726 advocetur
1019 659 1217 725 medicorum
1242 664 1276 726 et
1298 662 1379 726 item

201 765 422 852 physicorum,
439 763 628 833 inlustrium
648 787 724 831 sane
739 765 895 851 virorum,
914 767 969 851 qui
989 767 1030 830 ad
1044 767 1381 851 comprehendendam

203 895 298 940 sanae
326 878 463 940 naturae
493 874 673 940 sollertiam
706 879 797 941 artus
825 874 958 939 hnmani
987 873 1133 958 corporis
1161 871 1249 938 facta
1281 897 1382 939 mem-

202 982 336 1049 brorum
359 981 543 1046 exsectione
567 981 680 1047 rimati
704 986 790 1067 sunt,
813 982 901 1066 quod
924 980 1157 1045 existimabant
1179 980 1229 1045 ita
1249 981 1379 1046 demum

204 1110 238 1154 se
262 1087 504 1173 suspicionibus
532 1092 630 1174 atque
659 1088 868 1174 opinionibus
898 1087 1053 1153 certiores
1081 1085 1209 1152 futuros
1238 1109 1322 1171 esse,
1350 1089 1378 1153 si

204 1199 273 1262 tam
291 1195 415 1261 rationi
432 1194 521 1260 risus
547 1217 644 1280 quam
667 1196 752 1262 visui
775 1195 860 1261 ratio
885 1194 1079 1260 concineret.
1115 1193 1379 1261 Demonstranda

205 1303 307 1388 igitur
329 1303 416 1368 oculi
439 1306 558 1366 natura
577 1306 636 1388 est,
659 1303 698 1367 de
718 1323 783 1386 qua
802 1324 875 1367 cum
893 1301 1039 1387 plerique
1058 1300 1115 1365 alii
1134 1305 1205 1366 tum
1223 1300 1378 1367 Alcmaeo

204 1408 439 1494 Crotoniensis,
457 1409 491 1474 in
505 1408 861 1493 physicisexercitatus
881 1409 1001 1493 quique
1016 1409 1141 1493 primus
1160 1409 1379 1475 exsectionem

203 1517 337 1603 aggredi
356 1537 454 1581 ausus
474 1519 534 1600 est,
556 1519 589 1579 et
608 1513 834 1599 Callisthenes,
852 1514 1044 1581 Aristotelis
1064 1516 1201 1599 auditor,
1221 1519 1254 1579 et
1273 1515 1379 1581 Hero-

204 1621 312 1708 philus
341 1622 447 1688 multa
479 1626 513 1688 et
545 1621 713 1707 praeclara
744 1623 779 1687 in
805 1623 912 1687 lucem
943 1623 1163 1707 protulerunt:
1196 1622 1275 1687 duas
1309 1645 1379 1686 esse

203 1735 359 1817 angustas
383 1730 526 1813 semitas,
549 1750 631 1812 quae
650 1750 670 1792 a
688 1729 812 1795 cerebri
832 1729 916 1810 sede,
939 1729 976 1794 in
993 1751 1057 1814 qua
1075 1732 1126 1795 est
1145 1729 1211 1794 sita
1227 1733 1377 1814 potestas

204 1837 328 1902 animae
361 1859 488 1901 summa
520 1858 557 1901 ac
584 1835 788 1921 principalis,
818 1837 859 1901 ad
887 1836 1054 1900 oculorum
1083 1858 1237 1901 cavernas
1269 1840 1379 1901 meent

202 1944 384 2010 naturalem
421 1942 573 2029 spiritum
611 1943 825 2008 continentes.
873 1943 962 2018 Quae
995 1964 1068 2007 cum
1106 1964 1145 2007 ex
1178 1965 1245 2008 uno
1282 1943 1378 2008 initio

204 2052 379 2136 eademque
406 2051 514 2115 radice
542 2070 736 2135 progressae
765 2048 1001 2134 aliquantisper
1028 2049 1219 2114 coniunctae
1247 2049 1315 2114 sint
1344 2050 1379 2115 in

202 2158 321 2224 frontis
345 2158 480 2242 intimis,
503 2160 674 2241 separatae
697 2156 778 2221 bivii
801 2156 908 2240 specie
931 2156 1125 2240 perveniunt
1148 2156 1189 2222 ad
1209 2156 1379 2222 oculorum

203 2287 360 2331 concavas
375 2265 475 2347 seder,
495 2286 560 2348 qna
575 2263 822 2348 superciliorum
843 2263 969 2346 obliqui
988 2263 1137 2328 tramites
1156 2263 1378 2349 porriguntur,

204 2371 413 2456 sinuataeque
436 2370 505 2436 illic
528 2372 712 2437 tunicarum
736 2370 862 2458 gremio
889 2371 1073 2435 naturalem
1101 2370 1272 2436 humorem
1300 2372 1378 2436 reci-

203 2479 312 2563 piente
336 2477 453 2564 globos
473 2479 638 2563 complent
658 2479 802 2542 munitos
821 2477 966 2563 tegmine
984 2477 1226 2561 palpebrarum,
1249 2500 1288 2541 ex
1313 2499 1377 2561 qno

204 2585 411 2671 appellantur
444 2586 548 2652 orbes.
594 2584 698 2651 Porro
732 2586 819 2670 quod
851 2606 891 2650 ex
922 2607 987 2650 una
1019 2584 1094 2649 sede
1126 2584 1379 2670 progrediantur

202 2692 355 2758 luciferae
389 2691 539 2777 semitae,
575 2693 670 2756 docet
704 2691 833 2775 quidem
867 2692 970 2756 sectio
1002 2691 1240 2777 principaliter;
1273 2691 1377 2756 nihilo

203 2800 309 2864 minus
337 2804 447 2864 tamen
469 2798 667 2885 intelligitur
696 2821 736 2864 ex
759 2822 797 2864 eo
826 2819 965 2884 quoqne,
993 2799 1080 2882 quod
1104 2803 1240 2882 uterque
1264 2798 1377 2863 oculus

204 2910 372 2972 moveatur
391 2929 456 2972 una
478 2928 538 2972 nec
558 2907 642 2971 alter
664 2907 734 2970 sine
753 2907 857 2971 altero
878 2906 1001 2970 moveri
1021 2908 1127 2989 queat.
1164 2903 1259 2969 Oculi
1278 2925 1377 2989 porro

203 3014 305 3099 ipsius
329 3013 565 3080 continentiam
593 3015 627 3079 in
650 3017 807 3098 quattuor
829 3013 1030 3077 membranis
1060 3035 1116 3077 seu
1144 3011 1265 3076 tunicis
1287 3016 1379 3075 nota·

203 3126 318 3186 verunt
340 3121 485 3206 disparili
509 3121 684 3186 soliditate.
722 3119 867 3196 Quarum
889 3120 1107 3186 differentiam
1130 3118 1379 3204 proprietatem·

203 3251 264 3313 que
292 3230 320 3294 si
344 3229 417 3312 quis
440 3229 592 3314 persequi
615 3228 708 3312 velit,
736 3229 894 3293 maiorem
920 3227 1091 3313 proposita
1115 3225 1252 3291 materia
1280 3225 1379 3290 susci-

202 3336 270 3420 piet
293 3335 446 3401 laborem.
472 3371 513 3382 -·

292 3442 475 3508 Dolendum
508 3448 559 3508 est
594 3443 681 3528 apud
714 3442 918 3510 Chalcidium
950 3440 1158 3509 Alcmaeonis
1195 3439 1379 3506 doctrinam

202 3571 275 3616 cnm
298 3549 508 3617 Callisthenis
533 3554 631 3635 atque
654 3550 828 3635 Herophili
852 3551 901 3614 ita
924 3549 1087 3633 confundi,
1109 3552 1149 3612 ut
1171 3547 1227 3612 rix
1245 3547 1379 3613 initium

202 3657 296 3723 ‘duas
321 3679 391 3722 esse
415 3661 571 3742 angustas
596 3657 731 3722 semitas
745 3707 908 3721 ........
921 3655 1046 3722 meent'
1070 3653 1283 3721 Crotoniatae
1311 3653 1379 3718 red-

181 3763 273 3830 'dere
300 3763 474 3849 possimus.
520 3763 675 3849 Corporis
699 3762 925 3848 Hippocratici
954 3763 1017 3828 duo
1047 3766 1123 3828 sunt
1152 3761 1231 3843 loci,
1261 3760 1379 3845 quibus

201 3872 382 3937 accuratius
410 3871 449 3936 de
477 3872 564 3937 oculi
592 3875 760 3936 structura
788 3869 912 3956 agitur,
945 3869 1013 3936 scil.
1037 3869 1075 3934 de
1103 3868 1164 3934 loc.
1188 3867 1224 3932 in
1246 3867 1379 3932 hom.2

203 3975 263 4064 (VI
282 3981 347 4046 278
366 3977 417 4067 L.)
441 3983 474 4043 et
497 3979 536 4043 de
559 3979 697 4063 princip.
719 3979 758 4043 17
780 3976 876 4064 (VIII
895 3977 961 4042 604
979 3973 1040 4064 Ia),
1064 3995 1205 4059 quorum
1229 3977 1379 4039 auctores

202 4085 410 4152 Alcmaeonis
433 4085 553 4151 librum
579 4085 790 4170 exscripsisse
813 4083 1036 4149 verisimiliter
1057 4081 1197 4147 coniecit
1216 4079 1379 4145 Dielesius

200 4191 312 4258 Herm.
331 4191 475 4258 XXVIII
498 4191 622 4280 421,2
647 4191 701 4279 (cf.
725 4192 870 4257 eiusdem
899 4191 1163 4256 dissertationem
1191 4185 1230 4249 de
1256 4185 1380 4272 Gorgia

202 4305 235 4366 et
257 4301 455 4386 Empedocle
479 4300 561 4366 actis
585 4299 769 4366 academiae
793 4297 1014 4362 Berolinensis
1039 4295 1126 4360 1884
1149 4311 1225 4378 pag.
1245 4290 1311 4359 355
1334 4293 1381 4358 in-

202 4407 347 4500 sertam).
391 4406 537 4492 Uterque
560 4407 608 4472 nil
632 4409 671 4473 de
695 4403 924 4471 coniunctione
947 4423 1122 4468 nervorum
1146 4399 1383 4490 oculatiorem,
