3358 5132
706 389 927 454 ..73-

228 551 357 636 φήνατο
381 544 419 614 δὲ
437 552 676 634 παραπλησίως
698 550 842 627 τούτοις·
865 547 947 635 φησὶ
970 549 1033 635 γδρ
1052 544 1139 614 εἶναι
1158 549 1220 616 δύο
1244 549 1409 616 τὰπολλὰ

226 669 293 724 τῶν
322 656 562 742 ἀνθρωπίνων,
595 655 701 740 λέγων
733 657 790 735 τὰς
818 655 1047 741 ἐναντιότητας
1078 656 1139 743 οὐχ
1168 657 1278 742 ὥσπερ
1314 653 1410 724 οὗτοι

229 761 463 850 διωρισμένας,
491 762 575 828 ἀλλὰ
602 764 659 841 τὰς
681 765 859 850 τυχούσας,
886 755 961 832 οἷον
984 765 1103 830 λευκὸν
1127 761 1247 848 μέλαν,
1276 762 1409 847 ἀγαθὸν

228 875 341 956 κακόν,
363 873 469 956 γλυκύ
492 874 624 956 πικρόν,
647 868 730 956 μέγα
753 874 872 957 μικρόν
897 870 958 958 (siu
980 869 1027 935 Ab
1049 870 1158 957 Alex.;
1180 872 1300 955 μικρὸν
1325 869 1410 955 μέγα

229 980 282 1046 hio
305 983 339 1044 el
361 979 427 1044 992
451 1001 471 1042 α
496 979 534 1043 11
554 977 583 1042 Ε
605 977 757 1063 Asclep.).
798 974 896 1056 οὗτος
918 975 980 1062 μὲν
1004 973 1066 1043 οὖν
1090 976 1288 1063 ἀδιορίστως
1311 976 1409 1062 ἀπέρ-

230 1097 308 1172 ριψε
329 1082 405 1169 περὶ
429 1093 496 1149 τῶν
515 1089 654 1169 λοιπῶν,
678 1087 713 1151 ολ
734 1082 772 1151 δὲ
796 1088 1027 1171 Πυθαγόρειοι
1050 1083 1105 1151 καὶ
1123 1087 1224 1150 πόσαι
1247 1082 1303 1150 καὶ
1321 1088 1410 1162 τίνες

231 1195 268 1258 αλ
285 1192 493 1269 ἐναντιώσεις
516 1191 741 1276 ἀπεφήναντο.
777 1193 867 1277 παρὰ
889 1189 951 1277 μὲν
972 1187 1035 1259 οὖν
1057 1193 1185 1258 τούτων
1209 1191 1335 1277 ἀμφοῖν
1357 1214 1411 1256 το-

233 1311 355 1367 σοῦτον
378 1301 447 1365 ἔστι
471 1303 601 1383 λαβεῖν,
625 1298 676 1364 ότι
695 1299 854 1365 τάναντία
877 1298 975 1386 ἀρχαὶ
998 1309 1066 1365 τῶν
1084 1301 1203 1382 όντων,
1226 1299 1263 1363 τὸ
1283 1295 1313 1362 δ’
1337 1298 1412 1362 δσαι

231 1407 320 1491 παρὰ
342 1417 409 1471 τῶν
433 1403 555 1491 ἑτέρων
578 1403 633 1471 καὶ
655 1409 745 1483 τίνες
768 1401 868 1471 αὗταί
887 1408 981 1472 είσιν.

321 1531 425 1597 Alex.
444 1530 610 1615 Aphrod.
634 1530 679 1595 ud
702 1531 723 1596 l.
742 1531 761 1595 l.
786 1527 874 1618 (vide
896 1553 970 1617 pag.
990 1532 1034 1618 6).

323 1656 530 1741 Asclepius
555 1657 599 1720 ad
622 1656 684 1720 l.1.
710 1653 807 1742 (pag.
829 1658 882 1742 39,
901 1658 942 1722 21
967 1658 1019 1722 ed.
1043 1652 1259 1743 Hayduck):
1289 1656 1415 1737 ίστορεῖ

234 1761 271 1831 δὲ
290 1765 341 1830 ότι
360 1763 416 1829 καὶ
430 1760 616 1848 Ἀλκμαίων
636 1762 654 1829 ό
674 1763 909 1849 Κροτωνιάτης
931 1764 991 1828 τὸν
1010 1763 1112 1830 αὐτὸν
1135 1766 1260 1849 τρόπον
1283 1763 1414 1839 τούτοις

234 1873 436 1958 ἀπεφήνατο.
477 1871 526 1947 είς
544 1870 608 1954 γὰρ
633 1867 830 1935 ἐναντίωσίν
853 1893 928 1935 τινα
952 1869 1089 1936 ἕκαστον
1111 1883 1180 1936 τῶν
1204 1873 1311 1936 όντων
1334 1868 1413 1934 ἀνύ-

234 2004 307 2064 γειν
331 1977 481 2063 ἐπειρᾶτο
510 1974 565 2042 καὶ
589 1972 686 2053 οὗτος
714 1977 757 2054 ὡς
780 1976 892 2063 ἀρχῶν
920 1976 1031 2042 οὐσῶν
1053 1989 1120 2042 τῶν
1144 1977 1379 2043 ἐναντιώσεων.
1387 1975 1413 2062 1)

235 2084 290 2152 καὶ
312 2087 384 2170 ἦτοι
409 2080 507 2161 οὗτος
529 2082 617 2168 παρὰ
640 2094 707 2147 τῶν
725 2085 972 2168 Πυθαγορείων
994 2082 1180 2168 παρέλαβεν
1203 2083 1223 2167 ἢ
1243 2084 1279 2149 ol
1293 2087 1413 2147 Πυθα-

236 2197 361 2279 γόρειοι
383 2193 472 2278 παρὰ
495 2192 629 2256 τούτου·
658 2187 712 2254 καὶ
737 2191 799 2275 γὰρ
822 2189 1002 2273 κατέλαβεν
1026 2192 1043 2256 ὁ
1063 2188 1250 2275 Ἀλκμαίων
1272 2188 1413 2274 γέροντα

235 2303 294 2366 τὸν
317 2300 539 2384 Πυθαγόραν.
584 2296 774 2382 ἀπεφήνατο
803 2291 866 2362 οὖν
889 2296 1002 2374 αὐτοῖς
1028 2300 1279 2384 παραπλησίως,
1307 2295 1413 2380 λέγων

236 2403 322 2474 είναι
346 2407 408 2472 δύο
430 2406 471 2470 τὰ
488 2405 595 2470 πολλὰ
618 2415 685 2469 τῶν
705 2405 823 2488 όντων,
847 2406 932 2470 διότι
955 2405 995 2469 τὰ
1017 2403 1054 2470 ἐν
1073 2403 1202 2488 γενέσει
1224 2403 1279 2470 καὶ
1297 2410 1414 2489 φθορᾷ

238 2513 270 2594 ἐξ
290 2513 452 2579 ἐναντίων
471 2515 671 2577 συνίσταται.
712 2509 793 2576 ὅθεν
812 2509 919 2594 λέγων
937 2513 994 2589 τὰς
1008 2511 1238 2596 ἐναντιότητας
1256 2511 1317 2596 οὐχ
1336 2509 1414 2575 ὑπε-

235 2625 347 2686 τίθετο
379 2617 613 2704 διωρισμένας,
645 2618 755 2702 ὥσπερ
785 2616 840 2683 καὶ
867 2614 960 2684 οὗτοι
989 2621 1024 2685 οί
1049 2622 1297 2704 Πυθαγόρειοι,
1330 2616 1414 2683 ἀλλά

236 2729 295 2805 τὰς
307 2728 471 2812 τυχούσας
491 2728 615 2809 ἔλεγεν,
638 2717 712 2791 οἷον
731 2727 851 2792 λευκὸν
870 2724 984 2810 μέλαν,
1004 2729 1109 2809 γλυκύ
1128 2727 1260 2811 πικρόν,
1283 2724 1415 2808 ἀγαθὸν

236 2837 350 2919 κακόν,
364 2835 484 2918 μικρὸν
498 2829 590 2918 μέγα.
623 2832 819 2919 ἀδιορίστως
830 2827 896 2899 οὖν
909 2832 1101 2917 ἀπεφήνατο
1115 2831 1192 2919 περὶ
1206 2843 1273 2897 τῶν
1287 2838 1415 2898 λοιπῶν

238 2941 474 3008 ἐναντιώσεων.
520 2941 596 3006 ούιε
624 2941 687 3025 γὰρ
715 2942 822 3006 ποσόν
848 2964 880 3005 τι
913 2939 1024 3005 αὐτῶν
1056 2934 1163 3024 εἶπεν,
1195 2940 1272 3006 ούτε
1304 2938 1415 3021 ποιόν,

237 3046 309 3114 ἀλλ’
333 3048 384 3113 ὅτι
403 3050 508 3131 μόνον
532 3046 678 3112 ἐναντία·
703 3047 739 3111 ol
755 3042 792 3111 dl
811 3048 1041 3129 Πυθαγόρειοι
1061 3044 1116 3111 καὶ
1134 3050 1236 3113 πόσαι
1255 3043 1310 3110 καί
1327 3047 1415 3120 τίνες

238 3155 459 3241 ἀπεφήναντο.
492 3154 608 3219 κοινὸν
626 3147 688 3217 οὖν
706 3164 774 3218 τῶν
793 3155 1052 3237 Πυθαγορείων,
1071 3156 1106 3217 ολ
1121 3155 1242 3238 ταύτης
1260 3150 1414 3236 ἐγένοντο

237 3273 294 3346 τῆς
317 3261 429 3345 δόξης,
456 3256 511 3325 καὶ
531 3259 752 3344 Ἀλκμαίωνος
774 3263 811 3326 τὸ
835 3259 988 3338 ἐναντίας
1011 3258 1120 3344 λέγειν
1143 3261 1201 3337 τὰς
1224 3257 1326 3344 ἀρχὰς
1348 3266 1416 3322 τῶν

238 3371 355 3452 όντων,
375 3371 476 3434 πόσαι
496 3363 532 3431 δὲ
550 3364 606 3431 καὶ
624 3369 712 3444 τίνες
730 3362 827 3433 αὗται
845 3377 912 3432 τῶν
932 3370 1180 3453 Πυθαγορείων
1200 3368 1298 3432 ἴδιον.
1333 3363 1415 3428 ὥστε

237 3473 314 3561 παρ’
342 3473 538 3560 ἀμφοτέρων
560 3482 721 3540 τοσοῦτον
749 3475 817 3539 ἔστι
847 3476 978 3557 λαβεῖν,
1008 3475 1058 3539 ότι
1086 3475 1126 3540 τὰ
1154 3472 1290 3540 ἐναντία
1318 3467 1417 3556 ἀρχαὶ

240 3595 308 3649 τῶν
330 3584 448 3668 όντων,
469 3584 507 3646 τὸ
527 3575 557 3645 δ’
580 3580 654 3645 ὅσαι
678 3578 732 3645 καὶ
750 3593 844 3646 ποῖαι
863 3580 953 3666 παρὰ
971 3591 1039 3646 τῶν
1058 3578 1191 3664 ἑτέρων,
1213 3580 1258 3656 ὡς
1281 3585 1416 3663 εῖρηται.

329 3688 527 3754 Isocrates
550 3708 583 3752 π.
607 3686 846 3765 ἀντιδόσεως
869 3686 930 3774 (or.
951 3687 1008 3773 15)
1031 3691 1051 3768 5
1070 3687 1148 3753 268:
1178 3687 1316 3762 ....είς
1338 3685 1417 3759 τοὺς

240 3799 361 3881 λόγους
381 3807 449 3861 τῶν
471 3801 622 3860 παλαιῶν
645 3805 829 3879 σοφιστῶν,
857 3788 904 3858 ὧν
933 3794 950 3858 δ
978 3790 1041 3879 μὲν
1062 3794 1202 3879 ἄπειρον
1227 3794 1265 3858 τὸ
1288 3796 1418 3876 πλῆθος

240 3906 362 3990 ἔφησεν
391 3897 477 3968 εἶναι
504 3912 571 3968 τῶν
600 3903 724 3985 όντων,
749 3897 971 3987 Ἐμπεδοκλῆς
999 3883 1042 3966 δὲ’
1064 3899 1200 3987 τέτταρα
1226 3898 1283 3965 καὶ
1309 3909 1419 3972 νεῖκος

329 4173 354 4238 1)
375 4167 526 4236 Hucusque
539 4167 729 4226 Alexandrum
748 4168 883 4239 sequilur3
902 4167 959 4221 ium
978 4167 1118 4238 quasillo
1138 4165 1280 4234 omiserat,
1300 4165 1419 4220 fortasse

239 4276 272 4316 ux
286 4255 435 4314 Ammonio
454 4256 572 4328 addidit,
592 4259 671 4314 cuius
689 4260 802 4327 praeter
816 4255 967 4312 Alexandri
982 4257 1086 4313 scrinia
1099 4253 1266 4325 compilavit
1284 4254 1419 4324 cuiusque

238 4366 301 4406 mox
324 4346 447 4406 occurrit
469 4346 575 4400 mentio
598 4351 658 4420 (40,
684 4353 716 4401 16
739 4349 777 4420 τῷ
801 4343 925 4420 ημετέρφ
955 4343 1120 4418 φιλοσόφῳ).
1161 4343 1241 4409 Quod
1266 4343 1289 4398 si
1313 4360 1419 4410 verum,

236 4439 411 4508 aliquantum
431 4438 549 4505 augetur
568 4437 673 4493 codicis
693 4437 713 4491 Ε
734 4435 887 4493 auctoritas
906 4437 936 4489 et
954 4436 1032 4491 fides.
1071 4435 1282 4490 Potesttamen
1306 4435 1335 4486 ul
1357 4433 1420 4504 ipsu

235 4546 251 4585 ε
270 4529 413 4584 codicibus
433 4523 593 4582 subiecisse.
