3358 5132
770 353 987 418 ...96-

297 513 324 577 si
348 513 498 578 universe
522 536 590 578 rem
614 517 749 597 tractes,
773 536 811 578 ex
834 514 991 579 humido
1015 515 1094 579 oriri
1118 515 1240 599 credat,
1268 515 1319 578 sin
1342 514 1474 600 singula

297 643 441 704 quaeres,
470 621 695 686 emedullis
720 643 829 685 semen
855 621 1016 705 profluere
1040 621 1070 686 ei
1094 625 1222 686 constet
1245 618 1354 708 (Ceus.
1373 621 1401 684 d.
1421 620 1474 686 die

294 730 361 794 nat.
384 729 413 810 5,
437 725 483 814 2),
511 749 621 792 semen
648 731 756 792 autem
780 729 914 812 πρώτην
936 728 1047 813 ψυχὴν
1072 727 1189 814 (Arist.
1214 729 1252 793 de
1277 729 1385 792 anima
1408 728 1474 811 12,

293 835 360 899 405
379 835 400 898 b
420 833 455 918 5)
480 856 550 899 esse
580 833 759 918 existimet,
785 834 856 898 fieri
884 834 1006 919 potuit,
1035 839 1072 899 ut
1100 835 1242 899 animam
1270 857 1337 900 non
1364 835 1472 900 solum

296 963 414 1025 aquam
438 962 508 1005 esse
533 941 666 1024 diceret,
691 941 746 1005 sed
770 942 869 1006 etiam
893 942 1061 1006 cerebrum
1091 941 1307 1026 (Hippolytus
1330 943 1474 1028 philoso-

292 1047 455 1132 phumena
476 1046 492 1111 l
514 1049 555 1111 16
574 1077 617 1100 =
636 1045 718 1112 Dox.
738 1048 813 1132 566,
832 1049 902 1134 22)
926 1048 989 1113 hoc
1008 1047 1094 1112 enim
1113 1049 1211 1134 longe
1230 1049 1473 1114 nobilissimum

294 1156 381 1219 inter
405 1153 515 1220 omnia
537 1154 698 1218 medullae
722 1175 848 1240 genera.
868 1154 1070 1239 —Denique
1095 1143 1133 1218 de
1153 1155 1327 1220 infantium
1353 1176 1471 1240 genere

294 1260 490 1327 Plutarchus
510 1260 592 1325 Dcx.
611 1263 677 1326 420
697 1283 716 1325 a
739 1262 776 1325 17
796 1261 898 1326 tradit
916 1262 1010 1326 haec:
1029 1258 1191 1339 Ἱππῶναξ
1215 1263 1247 1326 εἰ
1269 1257 1329 1344 μὲν
1347 1260 1368 1343 ἡ
1387 1261 1471 1344 γονὴ

292 1370 484 1453 κρατήσειεν
511 1369 629 1453 ἄρρεν,
656 1369 688 1432 εἰ
710 1365 740 1431 d'
767 1366 788 1449 ἡ
811 1369 918 1452 τροφτ)
944 1366 1082 1455 θῆλυῑ),
1111 1367 1280 1433 simillima
1302 1366 1471 1432 Alcmaeo-

292 1475 415 1558 nianis,
442 1475 505 1539 nisi
533 1476 636 1561 quod,
663 1497 737 1540 cum
761 1474 912 1540 mulieres
941 1475 992 1540 vel
1014 1475 1141 1540 nullum
1167 1473 1274 1561 (Gens.
1297 1474 1332 1557 5,
1355 1472 1391 1560 4)
1421 1472 1473 1538 vel

295 1582 412 1646 inutile
436 1579 539 1668 (Plut.
559 1581 589 1645 V
609 1581 638 1667 5,
658 1581 693 1666 3)
717 1603 827 1646 semen
851 1582 999 1646 emittere
1022 1585 1126 1666 putet,
1150 1581 1282 1646 seminis
1306 1581 1378 1646 loco
1403 1603 1470 1644 mu-

291 1689 406 1754 liebris
429 1687 644 1753 nutritionem
667 1688 702 1752 in
725 1689 798 1753 alvo
822 1688 925 1752 foetui
949 1689 1096 1753 oblatam
1118 1689 1238 1772 posuit.

382 1795 472 1860 Haec
495 1798 572 1859 sunt
595 1816 678 1880 quae
701 1795 739 1859 de
757 1795 964 1860 nobilissima
983 1793 1248 1860 Crotoniensium
1272 1797 1361 1860 secta
1384 1815 1470 1859 oom-

295 1901 374 1986 peri.
412 1901 504 1967 Licet
523 1902 669 1967 conicere
688 1901 884 1967 BronIinum
902 1924 962 1967 nec
981 1925 1047 1967 non
1066 1901 1259 1987 Hipporum,
1284 1901 1339 1986 qui
1358 1900 1472 1967 Croto-

295 2009 403 2073 niatae
424 2010 576 2075 dicuntur
594 2009 761 2092 eidemque
781 2006 1042 2096 Metapontini2),
1065 2032 1103 2072 ex
1123 2009 1322 2074 medicorum
1341 2008 1473 2074 illorum

294 2137 429 2181 numero
452 2115 562 2180 fuisse.

384 2222 446 2288 Sed
470 2223 640 2288 mittamus
660 2222 877 2289 Crotoniatas.
913 2220 984 2287 lam
1007 2222 1282 2307 Hippocratiei
1308 2223 1385 2307 quid
1409 2223 1472 2288 sin·

293 2330 378 2415 gulis
403 2330 437 2393 in
456 2330 552 2394 rebus
574 2329 798 2414 perquirendis
822 2327 876 2416 (de
900 2328 1048 2394 sensibus
1069 2327 1256 2417 praecipue)
1282 2331 1471 2395 Alcmaeoni

293 2437 456 2520 deberent,
476 2458 535 2501 suo
556 2437 695 2521 quidque
714 2437 786 2500 loco
806 2437 1014 2521 exposuimus
1035 2434 1123 2524 (pag.
1139 2438 1191 2502 39.
1206 2439 1257 2502 43.
1272 2437 1324 2502 51.
1340 2438 1392 2502 68.
1404 2434 1471 2523 12).

294 2543 451 2608 Attamen
475 2565 547 2608 cum
571 2564 645 2628 pag.
666 2544 708 2608 82
731 2548 858 2627 patrem
883 2544 1061 2608 medicinae
1085 2565 1220 2630 graecae
1238 2541 1471 2610 Alcmaeonem

294 2671 364 2714 esse
384 2650 610 2735 invenerimus,
631 2672 822 2735 quaeramus
843 2655 983 2735 oportet,
1003 2656 1161 2734 quantum
1182 2651 1270 2716 illius
1290 2653 1328 2716 de
1346 2651 1471 2716 morbis

293 2756 450 2840 placitum
484 2757 521 2820 ad
554 2762 737 2821 ceterorum
768 2757 967 2822 medicorum
999 2758 1061 2822 hac
1092 2759 1130 2822 de
1161 2781 1195 2822 re
1225 2758 1390 2824 doctrinas
1420 2780 1472 2822 ex·

294 2864 445 2928 colendas
472 2864 617 2928 valuerit.
657 2862 719 2928 Sed
744 2884 941 2947 quamquam
965 2886 1039 2929 cum
1062 2866 1096 2928 in
1114 2865 1208 2929 libris
1228 2865 1470 2950 Hippocraticis

387 3060 413 3126 1)
433 3059 528 3128 Longe
544 3056 597 3110 alia
614 3056 690 3111 idem
703 3057 870 3112 Plutarchus
884 3059 973 3113 tradit
987 3057 1054 3113 Dox.
1071 3064 1122 3112 419
1138 3074 1155 3111 a
1169 3064 1215 3111 24:
1231 3055 1373 3124 Ἱππῶναξ
1391 3056 1472 3129 παρὰ

294 3146 325 3200 τὸ
346 3147 477 3210 συνεστός
494 3143 512 3214 ἢ
531 3146 640 3217 (malim
658 3148 699 3216 τε)
718 3146 767 3201 καὶ
786 3145 900 3218 ἰσχυρὸν
919 3144 936 3215 ἢ
956 3146 1035 3218 παρὰ
1053 3147 1084 3201 τό
1104 3143 1249 3218 ῥευστικόν
1267 3167 1297 3202 τε
1316 3146 1365 3201 καὶ
1383 3148 1473 3202 όισθε-

284 3233 424 3305 νέστερον
444 3235 560 3307 σπέρμα.
594 3235 632 3290 Α1
646 3237 743 3290 movet
757 3235 954 3305 suspicionem,
972 3236 1048 3305 quod
1067 3237 1164 3292 eodem
1183 3237 1212 3290 in
1232 3235 1324 3306 capite
1344 3237 1470 3291 eiusdem

295 3325 439 3394 scriptoris
458 3327 556 3381 eadem
576 3325 658 3379 dere
681 3326 736 3380 duo
760 3325 938 3394 proferuntur
957 3326 1071 3395 placita.
1109 3325 1206 3394 itaque
1226 3325 1346 3380 alterum
1365 3327 1472 3381 lemma

297 3413 398 3469 calami
419 3414 501 3483 lapsu
520 3414 666 3468 confusum
686 3431 745 3468 esse
765 3416 842 3468 ratus
861 3415 990 3484 equidem
1010 3419 1062 3469 419
1077 3433 1094 3469 a
1108 3420 1142 3468 24
1161 3432 1212 3484 pro
1226 3411 1366 3481 Ἱππῶναξ
1385 3416 1471 3486 scrip·

296 3501 380 3557 serim
395 3499 595 3572 Ἱπποκράτης,
614 3502 726 3558 collatis
745 3502 810 3557 libri
830 3504 865 3558 de
884 3506 1006 3572 generat.
1027 3521 1048 3558 c.
1065 3511 1081 3559 6
1100 3503 1143 3558 his
1163 3502 1226 3571 (VII
1240 3509 1301 3573 478,
1316 3511 1332 3560 5
1350 3504 1409 3574 1.):
1436 3501 1472 3573 ἣν

293 3590 345 3662 μὲν
369 3589 420 3647 ἀπ’
442 3589 609 3664 ἀμφοτέρων
632 3592 664 3646 τό
688 3589 798 3662 σπέρμα
822 3591 1000 3664 ἰσχυρότερον
1024 3591 1109 3664 ἔλθῃ,
1132 3592 1218 3662 ἄρσεν
1238 3595 1358 3663 γίνεται·
1383 3591 1419 3660 ἢν
1438 3592 1471 3648 δὲ

294 3681 424 3750 ἀσθενές,
442 3685 525 3751 θῆλυ.
564 3682 642 3736 Idem
661 3682 695 3737 de
713 3687 771 3737 nat.
790 3682 870 3752 pueri
890 3688 922 3736 31
944 3682 1198 3751 (15515155),
1218 3677 1247 3747 ἐς
1265 3682 1396 3754 ὁκότερον
1415 3690 1472 3737 τῶν

293 3769 405 3826 κόλπων
423 3771 492 3842 τόχῃ
511 3771 529 3840 ἡ
549 3769 617 3841 χοντ)
636 3768 780 3842 παχυτὲρη
800 3771 849 3825 καὶ
867 3769 1030 3842 ἰσχυροτέρη
1051 3767 1177 3838 dorotea,
1195 3774 1273 3825 κεῦθε
1293 3770 1378 3840 ἄρσεν
1397 3772 1473 3840 plus·
1528 3803 1531 3808 ·

291 3878 351 3915 ται·
372 3856 400 3923 ἐς
419 3859 551 3932 ὁκότερον
571 3858 599 3914 δ’
615 3857 652 3914 αὖ
671 3857 806 3932 θχροτὲρη
826 3859 1089 3932 κα1·ἀσθενεστε’ρη,
1108 3865 1185 3916 κεῦθε
1203 3864 1279 3930 θῆλυ
1295 3861 1416 3930 γίνεται·
1436 3856 1473 3928 ἢν

292 3946 320 4004 d’
337 3945 366 4013 Ic
380 3949 464 4020 ἄμφω
484 3948 582 4019 ἰσχυρὴ
598 3947 720 4020 εἰσέλθῃ,
740 3949 824 4020 ἄμφω
839 3950 946 4020 ἄρσενα
960 3953 1077 4022 γίνεται,
1096 3947 1131 4018 ἢν
1146 3947 1178 4004 dl
1193 3949 1319 4018 ἀσθενὴς
1333 3944 1362 4012 ἐς
1376 3947 1472 4020 ἄμφω,

292 4039 377 4109 ἄμφω
396 4038 488 4108 θήλεα
502 4041 618 4110 γίνεται.
647 4039 756 4095 Erroris
772 4039 922 4095 Censorino
937 4039 1104 4110 antiquioris
1122 4041 1182 4110 (1.1.
1198 4045 1222 4107 6,
1235 4044 1264 4106 4ς
1283 4039 1352 4093 Dor.
1367 4058 1394 4108 p.
1407 4041 1472 4109 191)

292 4127 375 4200 culpa
393 4147 450 4186 non
464 4129 546 4185 Aetio
565 4128 716 4184 tribuenda
734 4145 793 4184 esse
813 4128 933 4196 videtur,
953 4129 1001 4184 sed
1020 4131 1195 4184 vetustorum
1215 4127 1385 4198 plaettorum
1405 4144 1471 4183 auc·

291 4218 354 4288 tori,
373 4219 477 4289 quippe
497 4218 673 4287 quarnarii
689 4217 727 4289 (h.
738 4235 761 4274 e.
777 4218 931 4287 Plutarchi)
947 4220 976 4272 et
989 4217 1121 4273 Varronis
1136 4217 1173 4286 (h.
1185 4233 1208 4272 e.
1224 4216 1472 4286 Gens01·ini)com·

292 4307 384 4364 munis
402 4311 500 4364 auctor
518 4310 603 4362 fuerit
621 4309 700 4378 (Dor.
716 4309 797 4378 proll.
812 4310 885 4376 101).

381 4400 408 4468 1)
428 4399 468 4452 De
488 4397 615 4467 Hippaso
634 4398 698 4452 vide
717 4397 815 4452 Iambl.
835 4397 861 4451 d.
882 4397 930 4451 vit.
950 4397 1033 4466 Pyth.
1054 4403 1086 4452 81
1108 4396 1171 4452 coll.
1192 4401 1258 4462 26'1;
1278 4393 1313 4448 de
1334 4393 1472 4450 Broutino

295 4487 389 4541 lambi.
407 4493 457 4540 131
476 4489 505 4542 et
523 4491 575 4541 167
596 4487 660 4542 οο11.
675 4486 765 4542 Laert.
782 4486 863 4556 Diog.
880 4485 981 4554 VIIII,
997 4492 1044 4553 11ς
1064 4493 1133 4555 1,1;
1153 4492 1218 4554 5,1.
