3358 5132
772 420 992 484 -90..

294 581 401 641 torem
429 577 578 642 adhibuit
606 577 835 664 Pythagoreus
867 579 903 644 in
933 602 1027 644 011001
1057 603 1152 646 00001
1180 579 1472 647 Alcmaeonianam

295 684 334 748 de
353 683 531 749 bestiarum
550 685 782 770 hominumque
802 663 985 752 differentia
1002 687 1185 752 doctrinam
1204 689 1349 774 verterit,
1371 690 1471 774 plane

295 791 438 856 incertus
461 792 610 856 haerebis
634 788 763 878 (Rohde
786 792 912 877 Psyche
935 793 1047 879 464‚1
1074 790 1179 879 extr).
1206 832 1243 842 -

385 914 446 980 Sed
460 916 560 981 latius
574 939 626 981 res
641 921 741 1001 patet.
774 916 999 993 Quaerendum
1015 923 1073 1003 est,
1087 941 1169 1003 quae
1185 920 1271 985 ratio
1287 921 1471 987 intercedat

295 1024 381 1087 inter
395 1023 677 1110 Pythagoreorum
697 1025 886 1090 societatem
902 1028 1072 1110 totamque
1091 1025 1265 1091 scholam
1285 1028 1471 1094 medicam

295 1127 599 1195 Crotoniensem.
641 1129 701 1196 Cui
720 1130 904 1216 quaestioni
928 1136 964 1197 ut
982 1133 1066 1196 viam
1087 1132 1281 1220 muniamus,
1300 1133 1471 1200 Peterseni

297 1235 441 1321 (Studien
454 1257 527 1322 pag.
537 1234 598 1323 XI)
610 1237 830 1303 coniecturam
846 1239 1006 1322 quandam
1020 1242 1115 1303 antea
1130 1238 1316 1305 refellamus
1331 1246 1472 1325 oportet.

294 1335 380 1407 Huic
403 1343 489 1408 enim
513 1343 553 1409 ab
578 1344 731 1409 Elothale
755 1343 822 1410 Coo
846 1344 971 1410 medico
998 1344 1082 1410 hanc
1106 1345 1289 1411 doctrinam
1314 1347 1470 1414 Alcmaeo

294 1449 472 1534 sumpsisse
499 1451 627 1516 videtur
650 1451 837 1537 inspicienti
859 1449 972 1516 Iambl.
996 1475 1026 1516 1.
1049 1451 1146 1536 Pyth.
1171 1453 1228 1517 34:
1248 1451 1310 1518 καὶ
1334 1456 1471 1539 Μητρό-

294 1558 400 1642 δωρός
427 1580 461 1622 τε
493 1557 511 1623 ὁ
541 1559 676 1642 Θύρσου
708 1567 768 1622 τοῦ
795 1560 918 1643 πατρὸς
942 1556 1143 1644 Ἐπιχάρμου
1173 1556 1227 1624 καὶ
1255 1567 1313 1642 τῆς
1340 1558 1471 1625 ἐκείνου

294 1665 507 1741 διδασκαλίας
530 1665 569 1728 cd
591 1668 728 1729 πλεῖστα
750 1666 832 1750 πρὸς
850 1666 911 1748 τὴν
931 1667 1081 1750 ἰατρικὴν
1104 1663 1311 1749 μετενέγκας,
1334 1666 1470 1750 ἐξηγού-

294 1792 393 1853 μενος
424 1773 501 1847 τοὺς
532 1780 592 1836 τοῦ
621 1772 744 1852 πατρὸς
774 1773 893 1853 λόγους
924 1773 1007 1856 πρὸς
1038 1775 1097 1838 τὸν
1125 1771 1274 1856 ἀδελφόν
1301 1789 1382 1857 φησι
1409 1775 1469 1838 τὸν

291 1874 509 1963 Ἐπίχαρμον.
526 1888 656 1942 ...τῶν
676 1875 856 1943 διαλέκτων
878 1877 1016 1962 ἀρίστην
1040 1879 1222 1962 λαμβάνειν
1240 1880 1302 1962 τὴν
1320 1881 1470 1964 Δωρίδα.

294 1983 382 2059 Quae
406 1985 505 2048 verba
528 1985 576 2048 ita
598 1984 811 2069 interpretari
834 1985 973 2070 videtur,
996 1989 1033 2049 ut
1054 1985 1260 2050 Metrodorus
1280 1985 1470 2068 Epicharmi

294 2089 422 2154 dicatur
444 2090 555 2176 frater,
579 2114 643 2175 qua
662 2113 701 2155 ex
719 2114 753 2156 re
772 2091 898 2176 Thyrso
921 2091 1017 2176 plane
1040 2091 1189 2177 neglecto
1210 2091 1347 2178 colligit,
1371 2093 1469 2158 ambo

293 2197 459 2262 Elothalis
484 2220 554 2262 esse
576 2199 677 2283 filios3
704 2221 781 2263 nam
808 2199 861 2264 hic
884 2198 1075 2283 Epicharmi
1104 2203 1197 2283 pater
1220 2199 1321 2263 fuisse
1349 2198 1470 2264 dicitur

294 2303 406 2390 (Diog.
428 2303 506 2369 Vlll
528 2307 560 2386 1,
580 2307 615 2390 53
638 2301 731 2390 3,1).
778 2304 864 2370 Utut
892 2307 930 2370 10
957 2306 1020 2371 hoc
1043 2306 1115 2370 loco
1140 2303 1366 2391 difficillimo¹)
1388 2304 1470 2370 iudi-

294 2410 398 2496 cabis,
420 2411 484 2476 hoc
506 2411 602 2476 facile
625 2411 794 2477 intellectu
817 2434 884 2477 non
907 2415 972 2497 est,
998 2435 1057 2477 nec
1081 2435 1179 2497 quare
1202 2413 1282 2478 haec
1307 2412 1405 2478 verba
1429 2412 1470 2477 ad

294 2518 477 2583 doctrinam
501 2519 540 2584 de
565 2519 802 2584 contrariorum
825 2519 859 2582 in
883 2540 1017 2602 corpore
1039 2519 1183 2584 humano
1211 2518 1375 2602 aequitate
1399 2541 1468 2602 per·

293 2626 429 2703 tineant,
453 2648 513 2690 nec
537 2647 601 2710 quo
621 2627 690 2691 iure
714 2627 754 2690 ad
773 2627 960 2691 Elothalem
977 2625 1172 2691 Petersenus
1193 2648 1263 2691 eam
1282 2626 1469 2690 transferat.

294 2731 409 2816 Neque
433 2733 519 2798 enim
542 2756 691 2819 usquam,
716 2734 801 2817 quod
825 2734 934 2818 sciam,
959 2734 1117 2798 traditum
1137 2738 1187 2798 est
1211 2733 1370 2798 medicum
1390 2732 1469 2798 Elo-

294 2838 418 2903 thalem
441 2839 556 2924 fuisse3
579 2841 680 2905 immo
704 2862 743 2904 011
766 2841 817 2904 his
841 2840 922 2924 ipsis
946 2840 1053 2905 verbis
1078 2841 1235 2905 medicam
1258 2840 1351 2904 illam
1374 2861 1471 2925 quae·

296 2966 433 3028 cumque
452 2945 516 3010 fuit
536 2947 717 3012 doctrinam
736 2969 838 3031 neque
858 2947 899 3011 ab
916 2947 1115 3031 Epicharmo
1133 2969 1237 3031 neque
1258 2947 1299 3010 ab
1314 2945 1470 3011 Elothale

293 3051 474 3135 profectam
488 3075 558 3118 esse
573 3054 688 3138 elucet,
702 3076 774 3118 cum
790 3054 911 3118 diserte
926 3053 1013 3118 dicat
1027 3051 1228 3118 lamblichus
1242 3052 1469 3118 Metrodorum

294 3158 423 3224 demum
446 3182 527 3244 quae
551 3184 571 3225 a
593 3165 685 3244 patre
709 3161 888 3245 accepisset
911 3161 945 3225 in
969 3159 1147 3225 medicinae
1170 3182 1266 3224 usum
1289 3182 1432 3226 vocasse.

383 3266 544 3351 Equidem
564 3265 697 3332 Suidam
716 3269 827 3351 potius
846 3268 910 3332 huc
929 3267 1152 3331 advocandum
1172 3289 1242 3331 0000
1264 3288 1379 3332 000000
1398 3289 1471 3331 nar·

292 3377 420 3437 1001010
439 3371 480 3460 (s.
495 3397 523 3438 v.
544 3372 758 3460 Δημοκήδης)
778 3374 970 3440 Democedis
991 3373 1202 3440 Crotoniatae
1221 3377 1347 3457 patrem
1368 3373 1470 3440 fuisse

294 3477 536 3563 Calliphontem
561 3478 647 3565 ἱερέα
666 3483 848 3564 γενόμενον
870 3480 907 3546 ἐν
926 3481 1052 3569 Κνίδῳ,
1076 3481 1159 3544 unde
1179 3479 1356 3545 Krischeus
1376 3476 1472 3566 (For-

292 3586 444 3669 schuapca
465 3588 624 3653 carattere
643 3587 761 3652 Philas.
781 3586 797 3651 I
818 3585 874 3674 72)
894 3587 1014 3651 collata
1033 3586 1193 3651 Herodoti
1217 3587 1256 3650 10
1275 3586 1470 3652 Democedis

292 3692 371 3757 fatis
394 3693 581 3758 narratione
610 3698 696 3758 recte
727 3694 891 3760 concludit
916 3691 1157 3777 Calliphontem
1181 3693 1342 3757 medicum
1365 3692 1470 3760 Cnido

294 3797 471 3864 Crotonem
488 3800 621 3880 (Herod.
637 3800 687 3865 111
705 3802 767 3866 135
786 3810 831 3888 τῷ
850 3797 964 3887 πατρί)
984 3801 1169 3886 emigrasse.
1201 3799 1317 3883 Itaque
1336 3822 1356 3864 a
1372 3798 1470 3866 Calli-

293 3907 416 3990 phonte
440 3906 555 3972 Cnidio
580 3908 691 3972 schola
714 3905 937 3972 Crotoniensis
962 3907 1121 3993 originem
1145 3907 1275 3971 duxisse
1298 3905 1471 3993 videtur.²)

384 4103 411 4166 1)
435 4098 475 4154 cf.
499 4100 646 4156 Rohdeum
670 4100 752 4170 (Mus.
776 4100 864 4154 111100.
888 4105 931 4167 27,
956 4105 1001 4170 57)
1025 4104 1053 4157 01
1077 4099 1237 4154 Nauckium
1264 4099 1305 4169 (in
1327 4098 1393 4156 edit.
1419 4117 1472 4157 sua

293 4188 437 4258 Petropoli
459 4191 548 4257 1884).

383 4283 411 4351 a)
426 4279 566 4334 Haeserus
580 4283 676 4334 namet
690 4281 766 4348 (pag.
784 4281 844 4347 101)
859 4278 1006 4334 Eudoxum
1021 4277 1152 4334 Cnidium
1167 4278 1282 4347 eiusque
1298 4277 1471 4348 discipulum

296 4366 490 4440 Chrysippum,
509 4371 539 4424 01
556 4368 649 4438 ipsum
670 4367 800 4423 Cnidium
819 4370 905 4437 atque
925 4367 1088 4423 Erasistrati
1106 4366 1282 4438 magistrum,
1300 4369 1333 4422 ut
1350 4386 1369 4422 a
1382 4367 1472 4423 Phili-

294 4456 386 4513 stiona
406 4457 548 4513 medicina
566 4458 757 4512 imbuerentur
771 4458 952 4513 Crotonem
971 4457 1112 4526 profectos
1132 4474 1201 4512 0000.
1230 4457 1310 4523 Quod
1325 4457 1349 4511 si
1363 4473 1471 4527 verum,

295 4547 458 4602 memoriam
473 4548 607 4616 antiquae
622 4547 798 4618 cognationis
817 4547 904 4602 etiam
919 4548 1044 4603 Platonis
1059 4546 1233 4618 temporibus
1253 4548 1394 4603 servatam
1408 4563 1472 4603 0000
