3358 5132
777 329 973 390 ,6-

288 492 408 552 stretur
436 508 549 551 vereor
569 509 609 551 ne
638 484 708 549 fieri
736 507 800 550 non
824 487 939 570 possit.
988 487 1040 550 En
1067 488 1168 552 verba
1195 487 1461 572 Aphrodisiensis

288 593 331 682 (p.
349 595 400 678 42,
413 596 433 660 3
448 590 638 680 Hayduck):
659 593 783 678 ίστορεῖ
801 589 837 657 δὲ
851 594 896 669 ὡς
912 591 1135 677 Ἀλκμαίωνος
1154 603 1213 659 τοῦ
1229 596 1464 678 Κροτωνιάτου

288 703 347 767 τὸν
371 700 472 766 αύτὸν
496 700 627 775 τούτοις
649 701 773 781 τρόπον
797 697 868 784 περὶ
895 698 1006 785 ἀρχῶν
1025 700 1291 785 ἀποφηναμένου.
1329 704 1376 778 είς
1398 703 1461 788 γὰρ

289 808 485 873 ἐναντίωσίν
504 830 578 871 τινα
597 805 735 895 ἕκαστον
754 817 820 870 τῶν
840 809 947 871 ὄντων
967 806 1102 889 ἀνάγειν
1122 807 1273 893 ἐπειρᾶτο
1292 807 1346 873 καί
1365 804 1463 886 οὗτος

288 917 332 991 ὡς
355 913 466 999 ἀρχῶν
490 912 601 979 οὐσῶν
624 924 691 977 τῶν
711 911 945 977 ἐναντιώσεων.
984 912 1136 999 διαφέρει
1161 911 1197 979 δὲ
1216 927 1283 979 τῶν
1302 919 1462 997 Πυθαγο-

290 1025 390 1104 ρείων
414 1021 463 1085 ὅτι
488 1021 524 1084 ot
539 1015 604 1102 μὲν
620 1020 759 1094 δεκάδας
778 1030 951 1097 ποιοῦντες
969 1022 1090 1096 τούτοις
1111 1018 1172 1103 μὲν
1192 1021 1375 1099 ἐξετίθεντο
1394 1021 1463 1104 ὀρί-

292 1133 410 1211 ζοντες,
432 1127 450 1193 ὁ
470 1122 507 1191 δὲ
525 1127 586 1210 τὴν
599 1135 768 1211 τυχοῦσαν
788 1125 984 1198 ἐναντίωσιν
1004 1127 1109 1213 ἀρχὴν
1129 1131 1241 1210 ἔλεγεν
1255 1127 1464 1213 ἀδιορίστως·

290 1235 395 1311 οὕτως
420 1230 457 1298 δὲ
480 1242 568 1298 πᾶσα
591 1231 633 1297 ἂν
653 1232 846 1309 ἐναντίωσις
870 1232 952 1319 ἀρχὴ
977 1237 1103 1318 γίνοιτο
1128 1234 1226 1321 αὐτῷ.
1266 1237 1382 1300 κοινὸν
1403 1231 1464 1319 μὲν

290 1337 352 1408 οὖν
367 1344 613 1424 Πυθαγορείων
633 1343 668 1405 οἳ
683 1341 803 1424 ταύτης
821 1339 976 1422 ἐγένοντο
991 1351 1047 1424 τῆς
1062 1340 1159 1425 δόξης
1177 1340 1232 1406 καὶ
1243 1339 1464 1426 Ἀλκμαίωνος

288 1451 325 1514 τὸ
355 1448 506 1523 ἐναντίας
536 1442 621 1512 εἶναι
648 1447 706 1522 τοὶς
731 1445 832 1531 ἀρχὰς
859 1458 926 1512 τῶν
950 1450 1070 1514 ὄντων·
1103 1452 1203 1513 πόσαι
1232 1444 1269 1513 δὲ
1296 1447 1351 1512 καὶ
1380 1453 1466 1524 τίνες

290 1551 386 1621 αὗται
405 1565 471 1619 τῶν
486 1557 731 1636 Πυθαγορείων
751 1556 851 1618 ίύιον.
886 1553 946 1618 Sed
962 1560 1019 1618 aut
1033 1555 1162 1640 egregie
1178 1555 1274 1619 fallor
1295 1560 1352 1619 sut
1367 1577 1465 1620 causa

291 1662 478 1728 omissionis
497 1661 668 1745 perspicua
682 1665 741 1724 est.
770 1660 887 1726 Totam
907 1661 993 1724 enim
1008 1659 1197 1726 Aristotelis
1218 1663 1466 1745 dubitationem,

289 1773 364 1834 uter
383 1770 424 1833 ab
443 1772 517 1833 utro
537 1767 719 1832 doctrinam
738 1767 909 1851 acceperit,
928 1767 1058 1833 silentio
1077 1770 1247 1852 praeterit:
1267 1769 1344 1852 quid
1364 1769 1466 1854 igitur

292 1877 410 1941 mirum
439 1875 524 1958 quod
553 1897 593 1940 ne
618 1874 778 1938 enuntiati
807 1875 938 1958 quidem
966 1875 1055 1971 illius
1078 1877 1241 1941 interiecti
1267 1877 1466 1941 mentionem

292 1982 392 2047 fecit?
425 1982 540 2065 ltaque
564 1981 762 2046 scholiorum
782 1982 981 2046 testimoniis
1005 1983 1066 2047 hac
1090 1984 1123 2046 in
1143 2005 1177 2047 re
1196 1983 1401 2049 diiudicanda
1419 1984 1466 2048 nil

291 2089 479 2174 proficimus
492 2110 606 2172 neque
625 2087 730 2151 fecere
749 2110 883 2172 possum
908 2088 986 2172 quin
1006 2090 1141 2154 alteram
1160 2091 1317 2155 athetesis
1337 2112 1465 2155 causam

292 2197 469 2281 quidquem
493 2195 599 2258 valere
621 2216 747 2279 negem.

380 2302 528 2385 Denique
553 2323 751 2385 quamquam
775 2324 848 2366 cum
875 2301 999 2365 Zellero
1022 2325 1073 2366 res
1098 2303 1178 2367 mihi
1202 2309 1261 2388 est,
1287 2306 1386 2371 verbs
1409 2306 1467 2369 illa

292 2430 529 2494 supervacanea
556 2430 623 2473 non
646 2429 716 2472 esse
744 2407 942 2472 confidenter
967 2410 1195 2474 contenderim.
1242 2411 1368 2496 Nempe
1392 2413 1466 2476 Ari-

292 2518 427 2582 stoteles
451 2538 518 2581 non
542 2537 617 2579 casu
642 2515 765 2580 fectum
785 2537 854 2580 esse
878 2521 968 2580 ratus
992 2521 1029 2611 ut
1052 2517 1137 2581 idem
1161 2517 1228 2583 fere
1247 2519 1297 2581 illi
1320 2520 1359 2583 de
1378 2517 1467 2603 prin-

293 2624 385 2709 cipiis
414 2624 581 2706 docerent,
613 2626 722 2687 tumen
750 2626 824 2686 uter
852 2622 1018 2687 doctrinae
1047 2628 1160 2688 auctor
1188 2625 1287 2689 fuerit
1318 2624 1466 2689 dubitare

292 2753 362 2794 sese
390 2729 507 2793 leviter
532 2729 698 2813 significat
727 2725 814 2815 (ἤτοι
839 2767 880 2774 -
904 2727 949 2814 ἥ).
995 2727 1061 2793 Cur
1090 2731 1240 2794 dubitat?
1287 2729 1467 2816 Sequemur

293 2837 409 2900 Zelleri
437 2839 577 2899 textum:
608 2836 709 2917 ὅνπερ
738 2839 863 2920 τρόπον
892 2838 976 2901 ἔοικε
1005 2834 1059 2900 καὶ
1078 2833 1262 2922 Ἀλκμαίων
1292 2839 1466 2920 ὁΚροτω-

293 2944 406 3024 νιοίτης
429 2941 610 3026 ὑπολαβεῖν
638 2940 692 3006 καὶ
715 2944 787 3024 ἤτοι
813 2938 908 3018 οὗτος
931 2941 1007 3026 παρ’
1030 2941 1165 3008 ἐκείνων
1190 2943 1210 3028 ἣ
1236 2944 1356 3011 ἐκεῖνοι
1379 2948 1467 3028 παρὰ

293 3051 413 3116 τούτου
436 3047 625 3134 παρέλαβον
648 3049 828 3132 τὸνλόγον
851 3059 985 3115 τοῦτον·
1009 3048 1073 3115 καί
1097 3052 1168 3135 γὰρ
1185 3049 1367 3136 Ἀλκμαίων
1391 3052 1466 3117 ἀπε-

293 3161 422 3243 φήνατο
446 3159 680 3240 παραπλησίως
702 3157 842 3233 τούτοις,
878 3155 961 3241 φησί
979 3159 1042 3242 γὰρ
1064 3164 1133 3223 κτλ.
1172 3159 1316 3224 Huncine
1336 3182 1467 3224 causam

294 3288 364 3331 esse
392 3265 582 3349 putabimus
612 3285 669 3329 cur
697 3264 922 3347 quaestionem
954 3265 992 3329 de
1020 3270 1153 3330 auctore
1181 3266 1343 3350 integram
1371 3267 1468 3330 relin-

295 3371 455 3456 quendam
479 3391 549 3434 esse
578 3366 874 3455 illecensuerit?1)
920 3367 1024 3434 Immo
1053 3371 1133 3435 haec
1162 3371 1343 3437 similitudo
1371 3395 1469 3438 causa

295 3482 346 3543 est
370 3500 426 3542 cur
450 3476 675 3562 Pythagoreos
699 3476 993 3560 Alcmaeonemque
1021 3477 1155 3542 omnino
1186 3484 1359 3564 comparet.
1406 3477 1469 3544 Sed

294 3585 465 3650 nobiscum
488 3589 689 3668 reputemus,
719 3584 880 3666 quomodo
908 3604 967 3647 nos
996 3605 1064 3647 rem
1092 3583 1267 3649 diiudicare
1295 3587 1490 3672 soleamus.

386 3834 411 3901 1)
432 3830 540 3884 Dixerit
562 3831 624 3898 quis
648 3830 732 3885 tertio
756 3829 924 3884 sententiola
947 3827 1007 3898 (καλ
1025 3827 1078 3898 γὰρ
1094 3832 1152 3899 ...)
1171 3829 1327 3886 confirmari
1346 3831 1465 3902 primam

294 3922 390 3993 (ὅνπερ
422 3918 527 3990 τρόπον
539 3962 616 3976 .....
631 3919 809 3991 ὑπολαβεῖν),
841 3918 882 3971 ita
913 3919 944 3971 ut
971 3919 1092 3972 secunde
1119 3918 1179 3988 (καλ
1206 3918 1268 3986 ἤτοι
1283 3965 1288 3975 .
1301 3965 1305 3976 .
1318 3965 1323 3976 ,
1337 3965 1341 3975 .
1356 3924 1466 3990 τοῦτον)

295 4009 470 4082 parenthesis
490 4009 553 4063 loco
572 4009 667 4078 posita
686 4008 731 4062 sit.
770 4007 824 4060 Sed
844 4005 867 4058 si
887 4005 1059 4060 conectimus
1084 4005 1169 4077 ὅνπερ
1192 4006 1297 4078 τρόπον
1322 4008 1395 4065 ἔοικε
1419 4011 1467 4065 καλ

292 4099 443 4172 Ἀλκμαίων
462 4098 477 4153 d
496 4103 546 4168 Κρ.
566 4098 731 4170 ὑπολαβεῖν·
749 4094 871 4152 ....καλ
894 4094 946 4165 γὰρ
962 4092 1111 4164 Ἀλκμαίων
1134 4097 1301 4167 ἀπεφήνατο
1323 4104 1467 4168 παραπλη-

296 4193 360 4254 σίως
383 4190 503 4252 τούτοις·
528 4187 598 4258 φηολ
615 4187 668 4258 γὰρ
688 4191 754 4254 κτλ,
773 4204 828 4240 non
852 4186 942 4239 solum
968 4185 1099 4240 iteratum
1123 4203 1226 4242 nomen
1244 4186 1393 4258 Ἀλκμαίων
1416 4205 1466 4242 nos

295 4279 418 4348 offendit,
438 4280 487 4334 sed
502 4277 587 4333 etiem
602 4279 692 4331 totum
709 4276 884 4332 enuntiatum
899 4277 948 4332 καὶ
962 4276 1015 4348 γὰρ
1027 4322 1031 4332 .
1045 4320 1050 4331 .
1063 4325 1067 4331 .
1081 4276 1205 4340 ,τούτοις
1219 4279 1301 4347 plane
1316 4279 1359 4332 est
1373 4294 1466 4346 super·

295 4385 456 4425 vacaneum.
495 4368 536 4423 ef.
551 4367 637 4422 Arist.
657 4366 692 4420 de
711 4383 755 4422 on.
775 4366 788 4420 I
807 4374 835 4432 λ,
855 4371 935 4422 toea
954 4373 1001 4421 29:
1025 4369 1224 4437 παραπλησίως
1242 4363 1273 4420 dd
1292 4366 1401 4430 τούτοις
1419 4366 1468 4420 καὶ

291 4455 441 4528 Ἀλκμαίων
453 4455 544 4512 ἔοικεν
555 4456 707 4528 ὑπολαβεῖν
716 4456 781 4527 περὶ
790 4464 895 4526 ψυχῆς·
910 4455 980 4526 φηολ
991 4455 1044 4528 γὰρ
1059 4455 1148 4526 αὐτὴν
1163 4454 1312 4512 ἀθάνατον
1327 4451 1401 4511 εἷναι
1410 4459 1466 4510 κτλ
