3358 5132
675 341 896 404 „13-

306 499 454 565 Μωϋσέα
479 499 499 582 ἡ
518 509 670 584 παροῦσα
693 497 863 576 ξυνέιασις
882 511 950 564 τῶν
969 503 1099 584 χρόνων
1119 499 1376 584 γενέσθαικατὰ

306 603 459 690 Κέκροπα
484 609 686 690 συνίστησιν.
694 604 719 692 ¹)

223 712 273 776 18.
307 709 388 776 Ibid.
417 712 434 776 I
466 714 541 798 122,
569 713 622 778 13:
651 710 853 796 Ἑλληνικῶν
882 715 1080 798 φιλοσόφων
1109 714 1199 791 ὅστις
1225 712 1303 779 ποτὲ
1332 710 1375 799 ἦν

305 817 430 896 ἐκεῖνος
446 870 453 884 .
469 871 475 882 .
491 869 498 884 .
514 870 521 884 .
537 821 602 904 πρὸ
635 830 701 884 τῶν
730 819 946 904 Σεμιράμεως
974 822 1106 905 χρόνων
1139 823 1197 886 τὸν
1225 820 1374 887 Μωϋσέα

303 925 461 1008 γενέσθαι
485 925 609 1014 cerff)

225 1050 272 1113 19.
306 1049 417 1115 lbid.I
440 1053 559 1136 120,1:
582 1051 665 1117 ἀλλὰ
683 1050 739 1117 καὶ
753 1049 923 1135 Ἑλλήνων
943 1051 983 1117 δέ
997 1076 1085 1129 τινες
1104 1054 1273 1136 ἱστοροῦσι
1292 1055 1373 1118 κατὰ

304 1159 381 1233 τοὺς
403 1156 525 1234 αὐτοὺς
547 1161 690 1243 χρόνους
712 1157 871 1242 γενέσθαι
894 1157 1085 1245 Μωϋσέα.2)

221 1281 271 1347 20.
304 1280 490 1346 Alexander
515 1282 702 1366 Polyhistor
730 1285 815 1367 apud
846 1281 939 1367 Syna.
964 1307 993 1368 p.
1017 1283 1061 1348 50
1089 1284 1137 1348 ed.
1160 1283 1277 1347 Bona:
1307 1285 1373 1366 Βή-

304 1405 432 1473 ρωσσος
461 1388 497 1454 ἐν
524 1398 564 1474 τῇ
588 1392 699 1475 πρώτῃ
727 1401 793 1454 τῶν
817 1393 1087 1474 Βαβυλωνιακῶν
1110 1406 1192 1474 φησι
1215 1388 1373 1472 γενέσθαι

303 1492 364 1579 μὲν
383 1495 485 1562 αὐτὸν
503 1493 576 1561 κατ’
590 1493 808 1581 Ἀλέξανδρον
826 1499 886 1561 τὸν
906 1500 1075 1562 Φιλίππου
1095 1497 1156 1579 τὴν
1174 1495 1316 1578 ἡλικίαν.
1333 1535 1374 1541 -

305 1601 470 1668 Γενέσθαι
493 1603 636 1688 intelligi
659 1609 862 1687 γεγενῆσθαι
885 1607 1000 1668 vetant
1022 1604 1121 1667 verba
1146 1625 1228 1686 quae
1248 1626 1266 1666 a
1285 1600 1375 1686 γενέ-

304 1717 385 1775 σθαι
405 1710 527 1775 secludi
546 1715 713 1794 nequeunt
731 1711 793 1793 τὴν
812 1710 944 1793 ἡλικίαν
964 1709 1006 1796 (v.
1026 1706 1135 1795 infra).
1173 1707 1243 1774 Nec
1263 1715 1376 1773 eontra

309 1818 388 1881 dicit
407 1823 592 1901 temporum
612 1817 706 1881 ratio.
738 1815 824 1880 Nam
843 1817 970 1880 librum·
984 1818 1023 1880 de
1043 1817 1140 1880 rebus
1154 1816 1375 1899 Babylonicis,

306 1946 403 2008 quem
427 1924 467 1987 ad
486 1922 629 2008 primum
649 1923 703 1986 ille
723 1922 814 1986 misit
833 1923 1042 2006 Antiochum,
1066 1922 1153 1987 circa
1172 1945 1292 1987 annum
1310 1924 1376 1986 280

307 2031 446 2096 edidisse
470 2031 598 2094 videtur
622 2027 770 2115 (Olinton
789 2029 882 2094 Fasti
902 2029 1062 2098 Hellenici
1087 2031 1127 2094 ad
1151 2051 1271 2092 annum
1296 2030 1375 2112 2793

306 2138 424 2202 Miiller
447 2136 523 2222 Frg.
538 2135 626 2202 Hist.
642 2134 695 2200 (ir.
710 2135 742 2200 Il
757 2133 849 2224 492),
873 2137 920 2200 ita
943 2140 980 2200 ut
1003 2136 1148 2200 velante
1169 2157 1289 2199 annum
1309 2135 1375 2199 340

303 2251 399 2309 natus
419 2267 489 2308 esse
508 2244 624 2328 possit.
661 2241 799 2308 Accedit
812 2245 898 2328 quod
913 2244 1029 2308 Berosi
1043 2243 1191 2327 exemplo
1206 2241 1375 2306 Manetho-

303 2376 378 2417 nem
392 2353 551 2417 adrerum
562 2351 838 2436 Aegyptiacarnm
854 2351 1025 2415 historiam
1042 2349 1308 2415 conscribendam
1323 2349 1375 2412 ad-

304 2461 526 2533 duotnmesse
548 2457 716 2542 Syncellns
736 2457 838 2522 tradit
857 2455 902 2544 (p.
923 2459 965 2521 29
986 2458 1034 2522 ed.
1048 2453 1181 2542 Bonn.):
1208 2456 1375 2520 ...κατὰ

303 2570 441 2649 μίμησιν
460 2565 645 2649 Βηρώσσον
668 2562 880 2646 πεπλασμένα
904 2564 985 2627 κατὰ
1009 2566 1087 2639 τοὺς
1110 2563 1233 2639 αὐτοὺς
1257 2563 1376 2648 σχεδόν

302 2693 368 2736 που
392 2674 533 2756 χρόνους
553 2669 573 2754 ἢ
593 2671 712 2753 μικρὸν
731 2668 882 2754 ὕστερον.
919 2668 1151 2734 Manethonem
1176 2674 1285 2733 autem
1309 2670 1373 2732 iam

303 2780 409 2864 primo
427 2783 466 2842 ut
484 2775 645 2864 videtur³)
662 2777 850 2841 Ptolemaeo
871 2781 1028 2861 regnante
1043 2776 1233 2860 pontificem
1247 2775 1376 2860 Aegyp-

287 3046 312 3112 1)
332 3042 373 3098 Cf.
393 3042 494 3098 Euseb.
518 3042 543 3094 ll
567 3047 632 3111 8,4
657 3040 779 3096 Schiine:
807 3044 913 3109 Μωσῆς
932 3039 1005 3095 κατὰ
1029 3039 1163 3111 Κέκροπα
1189 3040 1241 3109 τὴν
1264 3040 1376 3109 ἡλικίαν

198 3132 333 3201 ἀκμάσας.

284 3225 312 3288 2)
332 3217 475 3274 Γενέσθαι
493 3217 632 3286 quomodo
652 3219 690 3273 sit
708 3218 940 3287 intelligendum,
965 3218 1067 3272 docent
1090 3234 1160 3286 quos
1185 3219 1268 3271 modo
1292 3216 1374 3271 attuli

196 3310 319 3379 Syneelli
337 3311 393 3364 loci
414 3309 512 3363 eodem
531 3325 546 3362 e
566 3309 698 3362 contextu
718 3308 830 3376 sumpti.

286 3401 314 3468 3)
334 3399 504 3467 Discrepant
526 3397 574 3466 qui
598 3397 632 3450 de
657 3394 791 3466 Serapide
814 3396 1019 3450 Alexandream
1043 3397 1181 3451 translato
1205 3395 1378 3464 scripserunt

196 3505 259 3542 cum
279 3486 342 3544 aliis
366 3486 402 3541 dc
420 3487 504 3540 rebus
528 3489 588 3539 tum
612 3486 646 3538 de
670 3486 829 3554 temporum
855 3485 971 3539 ratione.
1010 3486 1051 3538 Dc
1071 3484 1179 3553 Lagida
1198 3485 1378 3538 consentiunt

198 3578 364 3632 Plutarchus
388 3575 463 3646 (1.1.)
486 3577 515 3629 et
533 3573 647 3629 Tacitus
671 3574 736 3627 hist.
756 3574 793 3628 lV
810 3580 853 3629 83.
873 3577 915 3626 84.
957 3575 996 3627 At
1019 3573 1148 3628 Clemens
1172 3577 1269 3644 (protr.
1290 3573 1327 3626 lV
1342 3579 1377 3628 48

195 3683 260 3735 pag.
279 3672 313 3720 42
337 3665 414 3732 Pott)
437 3663 655 3733 Philadelphum
684 3666 745 3717 tum
775 3679 909 3732 regnasse
936 3666 1039 3718 narrat.
1077 3665 1175 3730 Neque
1203 3665 1299 3718 temen
1322 3661 1377 3716 lide

195 3753 304 3824 indigni
324 3771 384 3808 esse
412 3752 456 3806 illi
479 3752 617 3807 videntur.
655 3753 727 3806 Nam
746 3751 915 3806 Plutarchus
938 3752 1089 3822 diligenter
1113 3751 1143 3805 id
1167 3751 1259 3821 ipsum
1283 3752 1379 3806 studet

195 3846 227 3896 ut
250 3845 284 3897 de
308 3842 387 3896 cultu
409 3859 443 3896 ae
466 3841 603 3912 religione
629 3841 812 3911 Aegyptiacis
841 3857 927 3908 quam
952 3841 1161 3896 accuratissime
1186 3840 1317 3908 disserat,
1348 3846 1379 3896 et

194 3932 310 3986 Tacitus
330 3949 413 4000 quem
432 3945 515 3986 nomo
534 3931 625 3986 nascit
643 3948 727 4000 quam
748 3931 787 3985 sit
805 3930 914 3999 cautus,
933 3947 1104 4000 quamquam
1123 3946 1185 3986 esse
1204 3928 1254 3998 qui
1269 3930 1375 3984 dissen-

194 4022 270 4076 tiant
293 4037 349 4076 nou
368 4019 484 4090 ignorat
506 4025 540 4090 (o.
556 4025 615 4088 84),
638 4023 733 4074 tanim
757 4019 848 4089 primo
868 4020 1030 4076 Ptolemaeo
1054 4021 1192 4087 regnante
1214 4019 1298 4073 deum
1317 4035 1377 4074 esse

194 4111 344 4165 advectum
370 4111 539 4164 contendere
562 4126 618 4164 non
637 4108 763 4176 dubitat,
786 4108 855 4178 ipsis
874 4107 1076 4177 Aegyptiorum
1098 4106 1285 4175 antistitibus,
1309 4107 1336 4162 h.
1352 4126 1376 4164 e.

195 4199 256 4270 ipso
274 4200 394 4255 fortasse
410 4197 588 4266 Manethone,
610 4215 672 4252 sese
686 4198 739 4252 niti
755 4199 897 4252 consessus
916 4200 950 4265 (c.
966 4201 1020 4267 88).
1054 4198 1113 4252 lam
1130 4195 1251 4266 cyrillus
1271 4197 1310 4266 (in
1325 4196 1377 4255 lul.

194 4306 258 4358 pag.
276 4295 307 4342 13
328 4288 445 4357 Spanh.)
473 4287 633 4358 olympiada
659 4293 710 4340 124
732 4289 768 4356 (a.
789 4287 851 4340 Chr.
873 4288 1036 4358 aer-281)
1064 4286 1146 4341 deum
1170 4285 1291 4341 accitum
1315 4301 1377 4344 csse

194 4381 302 4436 narrat.
336 4376 411 4448 Ergo
430 4377 506 4432 haud
527 4377 584 4432 seio
603 4394 639 4432 an
658 4376 723 4432 inde
738 4375 930 4432 conhoversia
943 4378 1005 4432 orta
1020 4377 1066 4440 sit,
1085 4375 1169 4444 quod,
1190 4391 1253 4428 cnm
1268 4375 1378 4446 Lagida

194 4481 267 4521 anno
282 4472 334 4520 285
349 4465 566 4538 Philadelphum
581 4468 611 4521 in
625 4467 705 4536 regui
720 4465 884 4522 societatem
899 4465 1106 4536 assumpsisset,
1122 4481 1196 4520 anuo
1210 4469 1263 4518 283
1279 4468 1376 4522 autem
