3358 5132
760 373 978 437 -ress

286 539 455 603 maeonem
492 537 625 621 eiusque
663 538 841 602 sectatores
879 535 1044 598 denotare:
1081 534 1118 597 τὸ
1151 527 1189 596 δὲ
1221 533 1320 597 κενὸν
1352 531 1464 617 ὀρθῶς

288 643 416 728 λέγεται
450 646 569 730 κύριον
600 653 666 719 τοῦΙ
693 642 836 708 ἀκούειν.
883 640 976 707 δοκεῖ
1001 641 1064 725 γὰρ
1093 633 1179 704 εἶναι
1210 641 1310 704 κενὸν
1342 638 1360 704 6
1389 638 1463 724 ἀήρ,

287 747 385 828 οὗτος
417 748 449 816 θ’
482 749 571 816 ἐστὶν
604 751 622 817 6
650 760 755 816 ποιῶν
788 749 938 832 ἀκούειν,
972 747 1051 812 ὅταν
1078 752 1201 830 κινηθῇ
1232 746 1373 832 concute
1407 743 1463 810 καὶ

286 851 333 936 εἷς
346 909 463 924 ......
477 859 557 923 αὐτὸ
580 853 641 942 μέν
665 858 706 941 ὃν)
730 858 866 941 ἀψοφον
888 855 906 921 6
930 853 993 940 ἀὴρ
1017 855 1073 918 ded
1096 855 1133 918 τὸ
1152 849 1366 937 εὔθρυπτον.
1382 851 1462 917 ὅταν

285 962 323 1031 dt
340 970 477 1050 κωλυθῇ
500 966 723 1051 θρύπτεσθαι,
745 963 766 1047 ἡ
789 963 909 1029 τούτου
933 965 1061 1045 κίνησις
1082 963 1200 1044 ψόφος.
1238 960 1256 1026 ὁ
1280 956 1310 1024 d’
1334 958 1370 1024 έν
1394 969 1462 1036 τοῖς

285 1071 368 1140 ὠσὶν
397 1072 703 1161 έγκαιμκοδύμρται
728 1071 812 1157 ιπρὸς
836 1072 873 1135 τὸ
902 1068 1056 1153 ἀκίνητος
1078 1062 1180 1152 εἶναι,
1209 1067 1298 1143 ὅπως
1320 1065 1463 1152 ἀκριβῶς

286 1180 488 1262 αἰσθάνηται
519 1179 626 1256 πάσας
657 1179 715 1255 τὰς
747 1178 909 1263 διαφορὰς
940 1183 998 1260 τῆς
1029 1177 1190 1259 κινήσεως
1206 1224 1302 1242 .....
1319 1170 1375 1239 καὶ
1406 1174 1462 1238 drot

284 1288 383 1352 τοῦτό
406 1302 527 1369 φασιν
551 1284 713 1351 ἀκούειν
736 1293 785 1372 epi
809 1292 908 1372 κενῷ
931 1279 995 1349 καὶ
1018 1283 1197 1366 ἠχούντι,
1225 1265 1275 1346 ὅτι
1299 1279 1463 1364 ἀκούομεν

285 1402 331 1481 τῷ
361 1395 470 1478 ἔχοντι
498 1390 685 1477 ὡρισμένον
712 1393 772 1458 τὸν
799 1388 888 1477 ἀέρα.
935 1389 1028 1455 Unus
1057 1387 1375 1473 Trendelenburgius
1405 1409 1463 1451 cn-

202 1529 204 1533 ·
288 1504 385 1566 notat
408 1500 548 1565 fortasse
572 1501 613 1565 ab
636 1499 834 1584 Empedocle
858 1499 939 1563 telis
962 1498 1050 1564 dieta
1073 1517 1152 1562 esse.
1201 1495 1265 1561 Sed
1288 1495 1358 1579 ipse
1387 1515 1464 1560 con-

285 1609 413 1673 fitetur:
447 1606 663 1692 <Fragments
691 1609 816 1671 certum
846 1605 1003 1670 indicium
1031 1626 1098 1670 non
1124 1599 1310 1688 praebent'.
1356 1599 1463 1665 Immo

288 1719 402 1781 contra
426 1713 538 1779 dieunt
563 1735 645 1797 quae
667 1735 742 1798 pag.
761 1713 827 1778 420
851 1735 870 1777 u
890 1712 910 1777 5
934 1712 1025 1777 addit
1048 1711 1258 1778 Aristoteles:
1287 1706 1329 1773 οὐ
1356 1707 1464 1792 πάντῃ

286 1823 323 1890 τὸ
348 1825 431 1909 ζῷον
455 1818 568 1884 ἀκούει
592 1815 671 1884 οὐδὲ
693 1818 799 1906 πάντῃ
823 1816 986 1904 διέρχεται
1010 1818 1027 1884 6
1052 1816 1132 1903 ἀήρ,
1160 1839 1234 1884 eum
1263 1814 1464 1882 eontrarium

289 1928 437 1994 docuerit
459 1927 674 2012 Empedocles
698 1923 817 2014 (Zeller
840 1921 876 1990 1⁵
895 1922 1028 2011 800,1).

376 2034 506 2114 Primus
520 2033 677 2100 Alcmaeo
692 2055 851 2119 exponere
867 2036 1003 2099 conatus
1018 2036 1077 2116 est,
1098 2032 1260 2116 quomodo
1279 2053 1334 2096 uer
1354 2034 1463 2096 motus

287 2142 322 2208 in
346 2164 463 2210 sonum
486 2145 677 2208 mutaretur.
716 2141 788 2218 Qua
810 2141 845 2206 in
869 2161 902 2205 re
926 2139 1018 2204 utin
1035 2140 1148 2204 multis
1168 2137 1327 2205 eiusmodi
1344 2137 1465 2223 Empe·

288 2250 397 2315 docles
416 2271 490 2322 eum
510 2252 640 2314 secutus
660 2248 823 2334 corrigere
844 2247 907 2312 sibi
926 2247 1014 2312 visus
1030 2250 1093 2331 est3
1113 2247 1168 2310 sed
1184 2246 1331 2330 quemvis
1346 2246 1463 2334 melius

289 2358 328 2421 de
348 2355 533 2422 anatomice
552 2355 639 2420 suris
659 2358 825 2421 structure
843 2354 977 2422 edoctus
994 2353 1113 2438 puerili
1131 2353 1258 2419 ratione
1281 2355 1329 2418 ite
1347 2376 1464 2419 sonum

290 2463 369 2529 oriri
384 2464 465 2548 vult,
480 2467 517 2527 ut
529 2464 567 2528 τὸ
581 2463 770 2549 χονδρῶδες
785 2462 871 2547 quod
885 2461 965 2526 dicit
980 2457 1076 2547 (Dox.
1091 2461 1156 2525 406
1172 2483 1191 2525 a
1207 2461 1258 2545 16,
1273 2460 1312 2526 cf.
1323 2458 1464 2548 501,14)

291 2572 385 2655 qussi
408 2571 668 2636 tintinnabulum
688 2566 834 2657 (κώθων)
859 2569 899 2633 ab
920 2591 992 2633 aere
1013 2589 1205 2633 concussum
1225 2590 1322 2634 sonos
1341 2568 1464 2634 reddet.

288 2677 355 2743 Ubi
385 2679 413 2744 si
440 2678 562 2743 rectius
591 2677 735 2742 Zellerus
765 2677 905 2742 κώθωνα
932 2674 1167 2760 interpretatur
1199 2676 1327 2760 tubam,
1359 2675 1463 2742 multo

288 2785 387 2850 etiam
411 2785 516 2870 magis
545 2785 666 2870 placite
693 2806 806 2849 eorum
835 2787 1031 2868 congruunt,
1060 2805 1133 2848 eum
1161 2786 1298 2867 uterque
1327 2804 1366 2847 ex
1395 2783 1464 2848 soie

288 2892 375 2956 auris
408 2891 512 2956 forme
547 2890 683 2956 sonandi
716 2912 847 2955 causam
879 2894 1015 2975 repetat.
1062 2888 1170 2955 Ceteri
1202 2888 1391 2974 philosophi
1426 2911 1464 2954 ec

289 2998 404 3063 medici
425 2998 481 3082 qui
500 2999 561 3064 hec
582 2998 619 3062 de
639 3020 674 3062 re
694 3001 840 3083 egerunt,
855 2996 950 3062 Plato
966 2994 1061 3082 (Dox.
1073 2996 1147 3079 500,
1162 2995 1400 3061 14=Ti1n67
1412 2993 1464 3083 B),

291 3104 502 3191 Anaxagoras
522 3102 669 3192 (507,19
690 3107 725 3169 τὸ
745 3102 898 3190 περιέχον
918 3103 1001 3187 [scil.
1021 3104 1080 3167 τὸν
1099 3099 1295 3186 ἐγκέφαλον]
1316 3100 1465 3189 ὀστοῦν),

288 3209 452 3278 Clidemus
491 3209 580 3298 (510,
604 3212 625 3277 5
653 3216 686 3277 et
714 3208 763 3298 9),
793 3211 958 3296 Diogenes
985 3208 1198 3295 Apolloniete
1225 3205 1304 3295 (406
1325 3209 1382 3273 ab
1408 3208 1465 3292 253

288 3319 430 3405 510,18;
445 3319 520 3403 511,
532 3316 575 3406 7),
594 3318 803 3383 Democritus
818 3315 908 3404 (515,
922 3313 1047 3403 5sqq.),
1066 3316 1213 3401 plerique
1232 3315 1339 3400 ipsam
1354 3337 1465 3381 eurem

290 3426 330 3489 ad
354 3446 470 3489 sonum
493 3424 697 3489 efficiendum
720 3425 768 3489 nil
787 3425 903 3509 valere,
927 3425 1027 3489 immo
1048 3423 1171 3488 cerebri
1190 3421 1288 3508 pulsu
1309 3423 1361 3487 vel
1380 3423 1464 3488 ueris

290 3532 375 3598 circa
405 3532 573 3596 cerebrum
600 3531 701 3615 positi
730 3531 840 3594 sonitu
870 3529 962 3616 gigni
995 3551 1070 3594 eum
1102 3529 1318 3613 arbitrantur,
1351 3529 1398 3594 ita
1427 3534 1465 3595 ut

292 3638 380 3704 euris
404 3631 452 3703 nil
476 3638 541 3703 nisi
565 3637 723 3702 transitus
748 3637 831 3703 aeris
857 3633 942 3722 sitl)
987 3635 1057 3701 Neu
1081 3657 1173 3701 secus
1202 3639 1314 3700 auctor
1342 3637 1380 3700 de
1404 3637 1467 3708 loc.

290 3747 323 3810 in
356 3745 442 3810 hom.
472 3743 512 3832 (ο.
538 3748 556 3809 2
581 3775 624 3799 =
647 3743 803 3830 Hippocr.
822 3744 871 3809 VI
896 3745 961 3809 278
987 3740 1038 3831 L.)
1066 3766 1202 3809 vacuum
1236 3744 1340 3809 circe
1372 3767 1466 3810 eures

288 3853 434 3938 positum
459 3849 513 3938 (τὰ
532 3850 607 3938 περὶ
630 3853 670 3918 τὰ
689 3845 755 3917 ὦτα
772 3849 866 3938 πέριξ
884 3848 994 3938 κενεά)
1017 3873 1132 3917 sonare
1151 3847 1287 3939 docet.⁹)
1325 3851 1364 3914 In
1383 3873 1464 3935 quos

290 3981 504 3990 ——-—---—.-«

379 4071 405 4137 1)
424 4065 580 4135 Diogenem
605 4064 703 4120 eontra
726 4064 924 4118 Alcmaeonem
953 4062 1044 4118 dicere
1072 4062 1132 4118 veri
1155 4079 1211 4118 non
1235 4061 1372 4118 disrimile
1396 4062 1467 4118 milri

288 4157 409 4226 videtur,
424 4153 557 4226 quonism
572 4154 707 4224 optimum
723 4167 864 4222 quumque
875 4168 980 4220 aurem,
993 4169 1056 4206 eum
1071 4169 1134 4206 aere
1149 4151 1177 4205 in
1192 4151 1255 4221 ipse
1267 4168 1333 4206 sure
1348 4155 1465 4208 sonante

289 4246 402 4300 auditus
419 4244 605 4314 impedietur,
630 4241 788 4297 tenuissimi
807 4244 916 4297 meatus
935 4258 995 4296 esse
1015 4241 1096 4307 dicit;
1121 4236 1172 4295 ἐὰν
1196 4237 1227 4296 dt
1252 4239 1387 4311 εὐρυτέρα
1410 4235 1465 4312 ἦν)

289 4334 374 4403 ἀκοή,
398 4330 567 4403 κινουμένου
591 4341 641 4388 τοῦ
661 4329 744 4402 ἀέρος
762 4324 832 4400 ἦχον
851 4328 925 4386 εἷναι
944 4330 992 4385 καὶ
1010 4330 1060 4385 τὸν
1078 4328 1176 4400 ψόφον
1195 4329 1343 4400 ἀναρθρον
1367 4329 1417 4385 διὰ
1434 4331 1465 4386 τὸ

289 4423 326 4494 μὴ
344 4424 530 4494 προσπίπτειν
548 4423 618 4493 πρὸς
635 4421 767 4492 ἠρεμοῦν.

380 4514 407 4580 2)
427 4509 564 4566 Videntur
586 4511 673 4582 igitur
696 4527 767 4579 quse
791 4509 958 4566 Aristoteles
981 4509 1126 4565 fabuletur
1148 4507 1195 4580 (de
1217 4510 1290 4578 pert.
1312 4525 1356 4565 en.
1377 4508 1465 4580 1110,
