3358 5132
791 343 1010 404 ,18-

312 499 374 564 hoo
403 500 489 583 quod
518 498 580 563 hae
608 499 698 583 ipsae
717 521 822 565 ovoces
852 523 925 564 oum
953 500 1060 564 verbis
1085 498 1277 584 quibusdam
1307 500 1491 585 generalio-

313 605 405 670 ribus
434 602 499 690 (‘in
523 605 668 689 physicis
699 608 894 670 exercitatus
902 605 927 691 ⁹)
955 605 1145 671 coniunctae
1175 609 1260 670 sunt.
1307 606 1491 671 Conceden-

313 712 389 777 dum
417 718 528 777 tamen
555 713 718 777 neminem
748 713 833 796 qnod
862 713 1003 777 sciamus
1034 717 1109 777 ante
1141 713 1370 777 Alcmaeonem
1396 713 1489 776 nulla

313 819 377 882 alia
405 819 444 883 de
473 841 570 883 causa
602 820 667 883 nisi
700 819 878 884 medicinae
913 820 1105 884 excolendae
1137 819 1246 884 studio
1280 817 1488 906 adductnml)

314 927 497 991 anatomiae
515 948 648 1010 operam
664 927 797 991 dedisse.
831 927 945 1012 ltaque
966 927 1125 992 medicum
1140 925 1372 991 Alcmaeonem
1386 926 1487 990 fuisse

314 1038 411 1116 atque
441 1030 648 1098 Crotoniensi
681 1034 880 1098 medicorum
908 1034 1051 1116 scholae,
1084 1055 1181 1116 quam
1210 1035 1256 1097 eis
1284 1034 1488 1118 temporibus

312 1139 452 1203 maxime
476 1139 625 1204 floruisse
649 1139 835 1205 Herodotus
861 1144 975 1205 auctor
999 1145 1050 1204 est
1074 1137 1246 1225 (111131),
1275 1160 1487 1203 annumeran-

312 1245 389 1309 dum
414 1262 483 1310 esse
506 1268 566 1331 pro
591 1249 680 1310 certo
703 1245 817 1310 habeo.

400 1351 490 1417 Haec
514 1355 590 1417 sunt
614 1375 695 1437 quae
719 1353 757 1416 de
780 1353 850 1417 rita
873 1353 942 1417 eius
966 1352 1120 1436 comperi.
1166 1351 1280 1436 Neque
1309 1351 1395 1416 enirn
1418 1350 1486 1416 scio

313 1460 431 1542 quibus
459 1459 540 1524 locis
568 1459 663 1524 nixus
693 1459 842 1523 Kiihnius
871 1457 996 1546 (opusc.
1021 1459 1102 1523 med.
1129 1459 1216 1524 acad.
1242 1457 1256 1520 l
1280 1459 1322 1523 69
1334 1455 1419 1544 sqq.)
1448 1458 1487 1522 de

311 1564 451 1630 ‘scholis
485 1566 554 1630 eius
592 1566 817 1650 philosophiae
856 1566 989 1630 dicatis'
1025 1569 1145 1629 narret.
1191 1565 1291 1628 Errat
1323 1564 1487 1630 Haeserus

313 1693 441 1756 quoque
473 1694 609 1736 narrans
638 1669 731 1757 (pag.
752 1669 816 1758 84)
838 1671 1068 1736 Alcmaeonem
1096 1670 1237 1736 Athenis
1264 1673 1488 1756 pestilentiam

313 1779 403 1864 rogis
428 1779 567 1843 incensis
592 1779 736 1859 solvisse,
759 1777 791 1841 id
816 1779 902 1862 quod
926 1779 964 1842 de
984 1779 1112 1843 Acrone
1136 1778 1246 1863 potius
1265 1777 1485 1863 Agrigentino

313 1884 483 1949 dicendum
511 1888 582 1949 erat
610 1884 778 1970 (Weloker
801 1871 916 1949 Kleine
942 1883 1107 1950 Schriften
1131 1884 1180 1948 ΙΙΙ
1198 1885 1254 1962 43,
1283 1889 1392 1949 annot.
1416 1883 1484 1972 36).

312 1990 459 2074 Denique
483 1990 732 2056 Deslandesium
756 1991 895 2076 (histoire
916 1995 1043 2074 critique
1066 1995 1102 2057 de
1125 1991 1366 2074 topbitosopbie
1388 1991 1484 2056 1194

309 2096 671 2185 Amstelodami1737)
695 2122 734 2163 ex
752 2099 855 2163 nihilo
879 2100 1139 2164 narratiunculas
1164 2097 1271 2183 suas²)
1294 2099 1426 2165 finxisse
1450 2099 1485 2164 in

309 2207 463 2289 promptu
486 2208 544 2268 est.

398 2309 469 2373 Iam
496 2333 600 2394 pauca
628 2312 783 2376 addamus
812 2312 851 2376 de
879 2311 1085 2376 Alcmaeonis
1113 2312 1207 2377 libro.
1253 2310 1366 2395 Neque
1395 2313 1483 2377 enim

310 2417 420 2501 plures
448 2417 550 2481 libros
584 2440 658 2482 eum
687 2420 855 2504 scripsisse
888 2419 1087 2484 crediderim.
1134 2419 1227 2494 Quod
1256 2441 1329 2484 cum
1361 2443 1419 2505 per
1448 2443 1484 2484 se

310 2524 379 2587 veri
403 2528 453 2588 est
477 2524 680 2589 simillimum
703 2529 740 2588 ut
762 2525 797 2590 in
819 2525 950 2591 homine
976 2526 1055 2591 adeo
1079 2529 1223 2607 vetusto,
1246 2530 1317 2590 tum
1341 2549 1378 2591 eo
1403 2549 1484 2611 quo-

309 2653 371 2715 que
404 2631 532 2696 suaderi
564 2632 708 2717 videtur,
741 2635 827 2715 quod
858 2634 923 2697 nisi
955 2633 1051 2697 unius
1083 2632 1161 2696 libri
1193 2633 1364 2716 inscriptio
1397 2634 1484 2717 apud

399 2860 426 2926 1)
447 2858 565 2914 Constat
583 2859 658 2913 enirn
673 2859 834 2930 haruspices
854 2878 964 2929 quoqne
978 2861 1154 2929 aliquantum
1171 2861 1206 2915 ad
1221 2861 1379 2916 anatomiae
1393 2861 1484 2914 artem

309 2949 492 3002 excolendam
511 2947 671 3016 contulisse,
691 2966 752 3003 curn
773 2949 897 3019 corporis
917 2948 1091 3018 quarundam
1109 2949 1234 3019 partium
1253 2952 1282 3004 et
1295 2949 1365 3004 situs
1379 2952 1410 3004 et
1422 2967 1484 3004 mu-

308 3035 431 3091 tationes
455 3054 564 3091 summa
586 3038 673 3092 animi
697 3037 855 3093 intentione
878 3037 1025 3095 observare
1048 3039 1177 3094 solerent.
1216 3039 1260 3092 lta
1280 3038 1380 3093 Snidas
1399 3038 1482 3092 haru-

309 3126 409 3195 spices,
423 3142 485 3180 cum
501 3127 529 3180 in
544 3126 621 3182 iecur
634 3127 812 3197 potissimum
827 3129 951 3182 animum
965 3128 1152 3196 intenderent,
1167 3125 1481 3196 bnoesooadnoucvocat,

309 3230 359 3267 noc
379 3231 459 3268 secus
477 3214 644 3271 Aristoteles
662 3217 783 3271 multum
802 3221 838 3272 ad
857 3216 979 3286 corporis
997 3219 1127 3271 naturam
1146 3216 1372 3286 investigandam
1392 3232 1482 3270 sacer-

311 3303 409 3357 dotum
429 3303 606 3373 diligentiam
626 3305 746 3360 valuisse
764 3307 910 3375 profitetur
929 3305 963 3360 da
983 3309 1053 3375 part.
1069 3323 1113 3360 an.
1127 3305 1165 3358 III
1179 3312 1204 3373 4,
1220 3310 1270 3359 667
1286 3307 1303 3359 b
1321 3313 1348 3371 l;
1368 3305 1401 3360 da
1415 3305 1483 3359 hist.

311 3391 647 3461 anim.117,496b24.
685 3394 758 3460 Quin
782 3394 907 3449 foetuum
931 3411 1042 3463 quoqne
1066 3396 1150 3449 situm
1173 3395 1202 3448 in
1226 3394 1326 3449 hostiis
1350 3393 1482 3464 gravidis,

308 3498 377 3548 quas
397 3481 491 3539 fordas
510 3482 705 3551 appellabant,
728 3483 868 3538 Romanos
892 3485 967 3538 certe
991 3485 1065 3552 (nam
1092 3485 1126 3537 de
1146 3483 1260 3538 Graecis
1283 3484 1323 3538 nil
1346 3484 1484 3538 eiusmodi

306 3570 412 3638 inveni)
440 3570 600 3640 explorasse
620 3571 708 3626 Varro
734 3571 808 3640 (dl.
828 3571 848 3626 l.
869 3571 967 3640 vla),
995 3571 1094 3626 Festus
1121 3573 1195 3642 (pag.
1220 3577 1338 3640 83,102
1362 3571 1483 3640 Mfiller)‚

307 3657 424 3713 Ovidius
443 3659 521 3730 (fasti
540 3658 579 3711 IV
593 3661 656 3728 629)
676 3659 786 3714 docent.

396 3751 424 3817 2)
443 3748 591 3817 Apponam
606 3765 677 3817 quae
692 3748 890 3818 Francogallns
909 3750 1064 3805 hariolatus
1083 3753 1138 3804 est:
1160 3749 1301 3804 ‘Alcme'on
1319 3751 1352 3805 dc
1367 3750 1483 3807 Crotone

307 3853 403 3904 exerce
426 3837 454 3890 lo
472 3838 607 3892 medecina
630 3839 701 3892 daus
719 3839 861 3907 plusieurs
884 3841 959 3894 villas
982 3840 1015 3893 de
1039 3840 1068 3893 lo
1089 3840 1194 3908 prande
1213 3837 1296 3894 Grtcc
1319 3845 1344 3894 et
1366 3839 1482 3907 l'eucroa

307 3927 433 3993 toujoars
461 3943 494 3980 ea
520 3927 583 3980 urai
606 3926 826 3998 Rjthaqoricr'ea,
855 3927 1018 3982 rect-adae
1046 3929 1129 3982 d’aac
1155 3929 1276 3982 muniere
1298 3928 1433 3995 officiosae
1456 3934 1482 3982 et

307 4017 499 4071 &mutuenda
540 4015 644 4070 Comme
667 4017 690 4069 o
711 4034 745 4070 ac
768 4017 924 4071 sanandos
946 4017 1007 4071 rien
1028 4031 1100 4085 pour
1117 4032 1168 4071 sou
1185 4017 1330 4070 bonoroirc
1352 4021 1377 4070 et
1394 4017 1482 4086 qa’un

305 4105 390 4172 motis
401 4105 467 4173 plus
485 4105 562 4159 uoblc
581 4105 604 4159 le
621 4106 718 4172 fuissit
732 4107 794 4176 spir
813 4106 838 4176 [t
855 4105 888 4159 cf.
904 4103 1000 4160 Galen.
1017 4105 1040 4157 V
1057 4109 1106 4159 761
1122 4105 1192 4175 fin.],
1211 4106 1232 4158 il
1248 4107 1410 4176 presuivoit
1424 4123 1482 4176 peu

306 4196 338 4249 de
360 4196 492 4263 rencedes;
519 4199 544 4249 ct
572 4195 745 4249 caua-memes
772 4197 822 4264 qui
845 4196 943 4250 etaiam
966 4211 1038 4249 assez
1060 4195 1147 4249 rietes
1165 4210 1239 4264 pour
1256 4196 1376 4263 poauoir
1398 4201 1482 4250 restes

305 4284 453 4353 tuoptemps
480 4283 615 4351 maiades,
628 4309 633 4318 ·
647 4284 669 4336 iz
703 4284 740 4337 les
770 4285 903 4352 puerisoit
930 4287 1135 4352 promptemeut.
1178 4281 1221 4337 Urs
1246 4283 1338 4351 parcit
1362 4284 1483 4340 medecm

304 4373 394 4426 deuoit
411 4388 438 4426 se
456 4373 528 4439 faire
545 4390 586 4426 urs
602 4374 695 4444 prend
712 4389 775 4427 nom
793 4373 909 4442 quoique
925 4373 1058 4440 peut-etro
1081 4373 1103 4426 il
1120 4371 1278 4427 reacuntntt
1296 4374 1342 4428 dee
1359 4373 1482 4428 mandes

304 4462 353 4530 qai
370 4463 475 4529 fussent
493 4460 585 4528 frictas
605 4462 688 4517 d’dtrc
706 4462 802 4517 truitae
819 4467 845 4516 ct
862 4462 888 4515 εί
905 4462 1072 4530 simplemeut
1089 4467 1114 4516 ct
1131 4463 1157 4516 δι’
1174 4459 1248 4516 uite?
