3358 5132
766 351 985 421 ..32-

292 511 428 602 origine,
449 517 593 581 itanum
613 516 682 602 ipse
701 515 937 601 excogitaverit
960 517 1046 582 haud
1066 516 1133 581 scio
1153 538 1194 580 an
1214 517 1286 600 quis
1305 517 1466 583 incertum

291 623 396 688 ducat.
441 623 488 688 Et
512 646 588 689 sane
612 623 781 708 profligari
804 645 856 687 res
883 624 1005 707 nequit.
1053 621 1115 688 Sed
1143 645 1216 686 curn
1244 627 1278 688 et
1307 629 1466 708 qua-ntum

290 728 479 795 harmoniae
495 730 670 795 tribuerint
685 730 886 814 Pythagorei
901 735 1038 814 constet,
1055 734 1089 795 et
1104 730 1343 795 contrariorum
1358 730 1467 796 multi-

291 837 438 902 tudinem
464 838 625 903 infinitam
654 837 758 903 eidem
785 837 884 922 primi
912 842 1071 923 quantum
1100 833 1254 923 scimusl)
1286 835 1466 922 posuerint,

291 964 427 1028 cumque
450 945 502 1009 his
521 945 602 1029 ipsis
623 945 719 1009 rebus
744 949 816 1010 tota
835 945 892 1009 illa
911 945 1060 1011 doctrina
1084 948 1193 1029 aperte
1212 944 1347 1028 nitatur,
1370 964 1466 1008 suum

290 1050 325 1114 in
346 1050 504 1117 honorem
527 1051 760 1116 Alcmaeonem
783 1050 1020 1116 restituendum
1045 1074 1115 1116 esse
1139 1049 1328 1116 censuerim.
1373 1047 1465 1123 Quod

291 1157 319 1221 si
342 1180 463 1242 uerum,
487 1181 553 1223 non
573 1158 783 1244 gravabimur
800 1163 928 1243 patrem
948 1158 1124 1223 medicinae
1144 1178 1280 1243 graecae
1299 1154 1467 1220 Alcmaeo-

290 1287 364 1329 nem
396 1265 578 1350 nominare,
609 1268 725 1349 utpote
759 1288 778 1329 a
811 1286 874 1348 quo
907 1286 973 1329 non
1006 1286 1157 1328 sucorum
1191 1263 1287 1342 morht
1319 1261 1468 1326 doctrina

291 1372 430 1455 petenda
453 1371 510 1455 sit,
540 1394 637 1456 quam
661 1371 759 1457 longe
782 1369 916 1456 plurimi
938 1370 1138 1435 medicorum
1166 1370 1261 1434 aliter
1285 1370 1341 1434 alii
1365 1369 1468 1434 secuti

292 1482 382 1562 sunt,
406 1478 461 1542 sed
485 1478 584 1543 etiam
608 1500 728 1562 aequae
751 1482 1006 1562 temperaturae,
1031 1498 1128 1562 quam
1153 1499 1278 1560 omnes3
1305 1498 1380 1540 nam
1404 1481 1468 1540 είτε

291 1583 325 1662 ἐξ
349 1586 459 1668 όγκων
483 1582 538 1650 καὶ
560 1588 689 1668 πόρων,
713 1585 757 1661 ὡς
776 1581 1016 1669 Ἀσκληπιάδης
1037 1582 1198 1667 ὑπέθετο,
1221 1583 1261 1648 τδι
1284 1593 1351 1647 τῶν
1376 1576 1469 1668 ζῴων

294 1693 462 1774 σύγκειται
492 1693 641 1776 σώματα,
669 1687 852 1775 συμμετρία
878 1692 1006 1757 τούτων
1031 1688 1120 1755 ἐστίν
1148 1690 1168 1771 η
1191 1690 1312 1773 ὑγίεια·
1341 1693 1406 1753 είτε
1434 1686 1468 1765 ἐξ

292 1797 438 1882 ἀτόμων,
466 1798 511 1873 ὡς
530 1795 740 1883 Ἐπίκουρος,
767 1804 832 1863 είτε
860 1797 893 1876 ἐξ
922 1798 1144 1882 ὁμοιομερῶν,
1172 1797 1217 1874 ὡς
1236 1793 1469 1879 Ἀναξαγόρας,

293 1911 358 1970 εἴτε
379 1903 414 1969 ἐκ
432 1911 563 1989 θερμοῦ
586 1903 640 1969 καὶ
659 1915 791 1991 ψυχροῦ
809 1901 864 1969 καὶ
884 1904 986 1988 ξηροῦ
1009 1901 1063 1968 καὶ
1082 1903 1200 1988 ὑγροῦ,
1223 1902 1373 1984 καθάπερ
1397 1901 1469 1965 ὅτε

294 2013 487 2097 Χρύσιππος
520 2011 647 2090 δοξάζει
683 2010 738 2076 καὶ
770 2012 889 2088 πάντες
922 2012 956 2076 ot
987 2008 1131 2076 Στωικοὶ
1167 2008 1222 2075 καὶ
1258 2010 1321 2094 πρὸ
1360 2008 1470 2072 αὐτῶν

290 2115 517 2202 Ἀριστοτέλης
538 2117 592 2183 καὶ
618 2123 829 2203 Θεόφραστος
856 2115 910 2182 καλ
933 2118 998 2202 πρὸ
1022 2119 1149 2183 τούτων
1177 2120 1224 2182 ἔτι
1248 2115 1392 2181 Πλάτων
1415 2111 1470 2179 καλ

288 2222 514 2310 Ἱπποκράτης,
532 2224 635 2307 ἡτῶν
652 2228 823 2310 στοιχείων
842 2226 924 2290 κατά
942 2225 1049 2289 πάντα
1063 2227 1244 2308 συμμετρία
1263 2224 1324 2306 την
1338 2221 1469 2304 ὑγίειαν

293 2329 461 2415 ἐργάζεται
485 2330 642 2415 (Galenus
665 2332 700 2395 in
723 2332 807 2396 Plat.
831 2336 865 2395 et
887 2331 986 2414 Hipp.
1005 2331 1088 2415 plac.
1106 2330 1181 2413 426,
1201 2330 1242 2394 12
1265 2325 1402 2414 Miiller).

736 2539 868 2606 Fragm.
892 2536 1020 2593 XXIII.

383 2667 559 2736 Clemens
574 2667 1129 2755 Alex.Strom.V12,1o(111106
1145 2665 1290 2754 Klotz):
1312 2663 1468 2731 ...Ἀλκ-

293 2781 438 2862 μαίωνος
460 2787 520 2843 τοῦ
539 2777 775 2862 Κροτωνιάτου
800 2776 967 2860 λέγοντος·
992 2775 1115 2862 ἐχθρὸν
1137 2776 1243 2860 άνδρα
1263 2774 1347 2860 ῥᾷον
1365 2773 1467 2858 φυλά-

294 2883 416 2960 ξασθαι
439 2881 459 2966 ἢ
482 2888 592 2968 φίλον.
616 2920 660 2930 -·

383 2990 444 3055 ‘De
469 2990 585 3054 ethicis
610 2989 751 3074 quoque'
774 2987 995 3075 (Philippsoni
1014 2988 1123 3053 verbis
1143 2984 1233 3074 utor)
1257 2986 1373 3051 ‘multa
1395 3007 1467 3049 eum

294 3097 433 3162 edixisse
457 3095 555 3181 atque
579 3097 614 3161 in
634 3095 776 3162 Stobaeo
801 3119 898 3160 unam
922 3095 974 3159 vel
997 3095 1134 3160 alteram
1158 3095 1226 3158 eius
1249 3095 1342 3158 dere
1363 3092 1468 3156 ethica

295 3205 490 3271 sententiam
509 3204 627 3269 latere'
651 3205 843 3288 persuadere
865 3203 945 3268 mihi
964 3225 1029 3268 uon
1048 3224 1190 3286 possum,
1216 3223 1289 3266 cum
1310 3199 1470 3281 Laertius,

295 3313 351 3397 qui
375 3313 492 3396 quibus
516 3311 554 3375 de
578 3311 676 3376 rebus
699 3309 855 3376 Alcmaeo
885 3308 1053 3394 scripserit
1080 3309 1223 3393 optimos
1251 3311 1399 3372 auctores
1423 3327 1470 3368 se

292 3423 391 3498 ⁸cutus
419 3422 569 3483 accurate
593 3418 726 3501 exponit
749 3415 803 3503 (τά
825 3417 961 3482 πλεῖστά
984 3413 1014 3498 γ’
1039 3417 1167 3499 ἰατρικά
1191 3413 1293 3497 λέγει,
1323 3413 1410 3496 ὅμως
1433 3407 1470 3474 δὲ

295 3522 351 3591 καὶ
373 3529 570 3610 φυσιολογεῖ
594 3521 725 3610 ἐνίοτε),
749 3525 787 3588 de
811 3545 845 3588 re
870 3524 977 3588 ethica
1001 3545 1134 3607 prorsus
1154 3524 1270 3585 taceat.
1317 3516 1363 3584 cf.
1388 3539 1470 3601 quae

295 3634 333 3696 de
349 3632 550 3716 Epicharmo
570 3631 656 3696 idem
671 3628 768 3717 (VIII
783 3630 853 3715 78):
873 3625 970 3706 οὗτος
988 3629 1207 3714 ὑπομνήματα
1226 3624 1471 3707 καταλέλοιπεν,

295 3737 333 3802 ἐν
358 3729 408 3814 οἷς
430 3742 635 3822 φυσιολογεῖ,
658 3742 875 3821 γνωμολογεῖ,
899 3738 1094 3820 ἰατρολογεῖ.

385 3843 560 3920 Quaeritur
590 3848 714 3928 tamen,
751 3848 861 3908 utrum
892 3865 957 3908 una
989 3842 1132 3906 alterave
1165 3840 1327 3906 sententia
1364 3840 1471 3905 ethica

296 3954 392 4017 rebus
417 3952 550 4017 medicis
573 3951 683 4017 nescio
708 3974 772 4035 quo
796 3955 893 4036 pacto
918 3971 1050 4035 aspersa
1073 3971 1142 4014 esse
1166 3948 1318 4032 potuerit.
1356 3945 1471 4029 Neque

386 4131 412 4198 1)
431 4127 504 4182 Nam
518 4127 594 4196 quod
609 4125 771 4196 Simplicius
787 4127 826 4195 (in
840 4127 920 4196 phys.
937 4131 997 4194 150,
1008 4128 1041 4179 22
1057 4125 1146 4194 Diels)
1161 4119 1279 4186 ἐνούσας
1293 4113 1355 4192 γάρ,
1371 4120 1471 4190 inquit,

296 4209 346 4282 τάς
361 4213 558 4285 ἐναντιότητας
573 4211 603 4271 έν
618 4221 655 4289 τῷ
670 4213 854 4288 ὑποκειμένῳ,
870 4216 976 4288 ἀπείρῳ
991 4213 1051 4269 δντι
1062 4215 1175 4284 σώματι,
1191 4208 1377 4280 ἐκκρίνεσθαί
1384 4228 1472 4280 φησιν

293 4307 517 4377 Ἀναξίμανδρος,
531 4314 640 4377 πρῶτος
654 4305 738 4367 αὐτὸς
752 4304 841 4375 ἀρχὴν
857 4303 997 4374 ὀνομάσας
1011 4303 1042 4356 τδ
1056 4304 1250 4372 ὑποκείμενον.
1280 4296 1474 4368 ἐναντιότητες

297 4395 329 4451 δέ
344 4394 415 4452 εἰσιν
433 4396 541 4466 θερμὸν
560 4394 670 4466 ψυχρὸν
690 4395 775 4465 ξηρὸν
794 4393 880 4464 ὑγρὸν
899 4393 957 4448 καλ
975 4391 1015 4446 τδι
1033 4392 1129 4460 ἄλλα,
1147 4392 1247 4447 ultima
1266 4391 1351 4444 verbu
1366 4405 1383 4442 a
1398 4407 1473 4444 com·

298 4487 453 4541 mentatore
472 4484 540 4540 addi
559 4488 634 4539 recte
653 4483 777 4539 Zellerus
797 4485 892 4537 monet
911 4481 1030 4550 (1⁶220‚
1047 4483 1080 4549 l).
