3358 5132
699 361 919 426 ,37-

223 522 394 608 scripsisse
412 524 540 590 videtur
559 521 729 589 Alcmaeo:
749 515 933 608 Ἀλκμαίων
952 527 1185 610 Κροτωνιήτης
1203 525 1281 590 τάδε
1301 525 1400 609 ἔλεξε,

223 633 378 715 Περίθου
404 633 492 714 olda,
519 633 693 720 Βροντένφ
721 626 777 695 καὶ
800 628 921 696 Λέοντι
944 628 999 696 καὶ
1020 633 1202 722 Βαθύλλω·
1230 628 1306 716 περὶ
1332 641 1400 698 τῶν

223 738 383 823 άθηητων
406 741 592 823 σαφηνείην
614 733 676 822 μὲν
693 734 770 803 θεοὶ
788 737 916 823 έχουσι·
939 737 984 815 ὡς
1002 734 1040 803 dl
1058 738 1252 823 ἀνθρώποις
1270 742 1401 825 τεκμαί-

225 851 345 932 ρεσθαι
368 849 436 910 κτλ.
462 881 507 892 -
534 843 748 929 Gomperzius
777 843 907 928 supplet
935 839 1003 910 ὧδέ
1026 867 1096 924 πως
1122 850 1205 932 ἔχει,
1232 851 1400 932 tamquam

224 952 252 1017 si
274 952 433 1018 traditum
457 951 502 1016 sit
527 951 572 1030 ὡς
595 948 633 1016 dh
655 952 848 1036 ἄνθρωπον
869 955 1115 1037 τεκμαίρεσθαι.
1152 953 1266 1039 Neque
1290 958 1402 1020 tamen

224 1060 291 1126 scio
314 1081 357 1124 an
380 1060 476 1145 plura
499 1058 567 1125 sint
590 1055 712 1124 omissa
735 1057 825 1123 etin
848 1057 895 1123 eis
919 1057 1023 1138 ἔξεστι
1046 1061 1097 1126 vel
1119 1061 1185 1126 tale
1205 1060 1292 1147 quid,
1315 1063 1400 1126 unde

223 1168 363 1252 pendeat
391 1165 520 1231 dativus
549 1164 755 1251 άνθρώποις;
784 1187 809 1230 e.
837 1186 884 1250 gr.
913 1165 957 1242 ὡς
987 1162 1025 1230 δέ
1052 1166 1245 1254 ἀνθρώποις
1271 1171 1401 1253 τεκμαί-

224 1281 345 1360 ρεσθαι
367 1272 494 1352 ἔξεστιν
517 1271 553 1338 ἐκ
577 1283 644 1338 τῶν
664 1271 898 1356 αἰσθάνονται,
921 1267 987 1337 ὧδε
1010 1271 1075 1356 ἐγὼ
1099 1271 1190 1360 ἐρέω.
1226 1275 1400 1341 Praeterea

223 1381 374 1446 breviora
395 1380 548 1446 ridentur
572 1377 761 1464 Gompsrnii
787 1379 888 1444 verba
915 1401 1013 1463 quam
1041 1403 1124 1464 quae
1153 1381 1263 1448 omnia
1286 1382 1400 1448 afferre

224 1486 443 1554 Callimachus
480 1486 617 1572 longum
653 1484 827 1571 putaverit.
875 1484 922 1551 Ac
953 1509 995 1551 ne
1032 1488 1213 1554 sententiae
1251 1489 1400 1556 exeuntis

223 1595 434 1660 omissionem
461 1616 482 1658 a
508 1591 702 1660 Callimachi
729 1615 819 1658 more
850 1592 1027 1659 abhorrere
1054 1595 1158 1681 dicas,
1184 1597 1275 1683 legas
1302 1597 1402 1662 velim

223 1703 303 1768 haec
326 1700 461 1788 (Athen.
479 1700 528 1766 VI
550 1722 581 1785 p.
602 1701 668 1764 244
683 1698 741 1786 A):
770 1707 832 1766 τοῦ
860 1704 1094 1786 Χαιρεφῶντος
1120 1700 1175 1768 καὶ
1204 1703 1402 1789 σύγγραμμα

224 1808 410 1895 ἀναγράφει
429 1811 641 1893 Καλλίμαχος
664 1805 701 1872 έν
723 1817 769 1895 τῷ
794 1818 861 1873 τῶν
878 1809 1101 1874 παντοδαπῶν
1123 1812 1238 1876 πίνακι
1261 1811 1402 1896 γράφων

224 1916 342 1993 οὕτως·
378 1920 533 1981 Δεῖπνα
565 1914 652 1980 ὅσοι
683 1917 874 2000 ἔγραψαν·
912 1919 1123 2000 Χαιρεφῶν
1154 1920 1400 2002 Κυρηβίωνι,
1440 1969 1442 1973 1

225 2018 291 2088 εἷθ’
317 2020 391 2106 ἑξῆς
412 2022 474 2104 τὴν
497 2020 603 2107 ἀρχὴν
625 2019 807 2105 ὑπέθηκεν·
831 2017 985 2104 Ἐπειδή
1013 2045 1079 2105 μοι
1105 2023 1295 2101 πολλάκις
1318 2021 1402 2090 έπέ-

224 2135 387 2206 στειλας.
423 2131 568 2213 στίχων
589 2125 709 2216 τοεἬ)
1234 2146 1236 2148 ·

313 2252 463 2338 Denique
482 2253 520 2318 de
539 2253 646 2318 forma
663 2253 761 2317 huius
781 2253 944 2318 enuntiati
962 2275 1068 2338 pauca
1086 2253 1210 2320 addam.
1247 2254 1403 2342 Agnosco

224 2361 383 2447 prooemii
407 2381 532 2425 morem
554 2358 786 2445 perantiquum
809 2382 849 2425 ex
873 2360 1040 2444 epicorum
1064 2361 1245 2426 carminum
1269 2384 1400 2428 consue-

224 2467 337 2534 tudine
360 2467 583 2553 conspicuum,
606 2467 729 2551 quode
754 2466 793 2531 cf.
811 2465 904 2532 Diels
924 2466 1033 2532 Herm.
1049 2465 1146 2532 XXII
1164 2469 1230 2533 436
1254 2472 1288 2532 et
1300 2467 1403 2533 Wila·

225 2575 356 2641 mowitz
378 2576 508 2642 Δνὶείοί.
530 2597 561 2640 ιι.
584 2573 688 2639 Athen
711 2573 729 2636 Ι
755 2573 906 2658 130,12.
954 2573 1109 2639 Omnium
1137 2596 1219 2658 quae
1247 2572 1298 2639 illi
1326 2597 1403 2640 con-

225 2686 398 2769 gesserunt
430 2681 673 2766 prooemiorum
710 2679 913 2746 simillimum
946 2685 998 2746 est
1028 2680 1200 2746 Hecataei:
1232 2678 1403 2759 Ἑκαταῖος

225 2791 393 2873 Μιλήσιος
421 2783 486 2854 ὧδε
515 2793 686 2873 μυθεῖται·
713 2786 792 2852 τάδε
820 2787 938 2872 γράφω
966 2787 1011 2864 ὡς
1037 2783 1110 2872 ἐμοὶ
1138 2784 1266 2871 ἀληθέα
1295 2786 1404 2854 δοκέει

226 2891 312 2962 εἶναι
335 2900 405 2982 etc,
432 2894 498 2961 nisi
528 2896 615 2980 quod
639 2893 875 2960 dedicationem
904 2916 1032 2979 quoque
1055 2894 1223 2980 prooemio
1247 2895 1402 2961 Alcmaeo

226 3003 373 3088 inseruit,
397 3023 479 3088 quae
499 3025 537 3068 ex
557 3001 772 3086 epistolarum
790 3001 1060 3086 inscriptionibus
1079 3003 1255 3086 repetenda
1277 3002 1403 3070 videtur

226 3109 462 3198 (Wilamowitn
489 3112 509 3176 l.
534 3108 579 3196 1.).
626 3106 853 3192 Comparanda
880 3112 944 3193 est,
976 3111 1015 3172 ut
1042 3106 1258 3196 Anaxagorae
1286 3132 1403 3195 parum

226 3222 352 3284 certum
370 3214 588 3304 exempluml)
612 3217 756 3299 itemque
774 3215 995 3301 posteriorum
1014 3215 1322 3282 mathematicorum
1345 3217 1403 3281 im·

226 3326 341 3410 primis
351 3346 476 3389 morem
487 3324 649 3408 omittam,
664 3321 810 3407 aequalis
820 3322 1031 3407 Empedoclis
1043 3323 1244 3390 consuetudo
1255 3320 1323 3412 (ul
1332 3319 1404 3411 St).

225 3555 375 3611 Praeterea
392 3554 492 3610 eodem
510 3552 596 3608 modo
614 3552 773 3608 Atticorum
791 3548 897 3614 θεατάς
914 3554 1064 3621 utramque
1083 3551 1282 3622 complectitur
1299 3551 1404 3625 signifi·

224 3645 366 3702 rationem
389 3643 520 3713 (Hesych.
539 3659 561 3696 ε.
580 3660 620 3696 v.:
644 3638 759 3712 ὁρατός,
781 3639 939 3712 θεωρητός,
959 3637 1109 3712 ἐκλεκτός),
1128 3659 1192 3696 cum
1211 3641 1302 3698 forma
1320 3658 1404 3714 nega·

225 3733 285 3788 tiva
306 3730 431 3796 ἀθέατος
453 3731 575 3788 mirandi
602 3731 745 3787 notionem
774 3731 897 3802 spernat.
934 3730 1062 3800 Denique
1089 3747 1124 3787 ne
1151 3732 1181 3786 in
1203 3729 1267 3802 ipsa
1290 3732 1402 3802 quidem

226 3823 292 3878 lade
314 3822 390 3878 illins
410 3819 625 3892 significationis
644 3818 766 3892 ποτάμια
783 3820 868 3890 plane
886 3818 984 3874 deesse
1003 3819 1087 3875 docet
1100 3819 1255 3889 Hesychius
1269 3819 1401 3893 (θηητήςΙ

224 3911 350 3984 θεωρός).

315 4023 341 4088 1)
364 4018 425 4076 Ηοο
448 4021 560 4075 tantum
583 4017 703 4073 interest
725 4017 801 4086 quod
823 4015 884 4072 illic
907 4016 1001 4072 media
1027 4013 1241 4086 interrumpitur
1262 4016 1403 4073 sarmatia

224 4108 342 4166 adiectis
361 4106 412 4164 καλ
429 4105 465 4162 τὰ
484 4101 556 4178 έξης,
575 4105 622 4161 hic
640 4107 752 4178 virgula
769 4105 922 4162 terminata
940 4121 1000 4160 esse
1020 4103 1139 4160 videtur.

315 4218 343 4285 λ)
362 4213 473 4270 Nomen
490 4215 520 4270 in
535 4212 821 4271 Pseudo-Aristotelis
840 4213 874 4268 de
892 4211 999 4283 plantis
1017 4213 1070 4282 12,
1085 4217 1136 4268 817
1152 4230 1169 4268 a
1183 4219 1217 4268 λλ
1237 4211 1297 4267 sine
1316 4210 1402 4269 dubio

225 4306 388 4375 corruptum
406 4319 440 4358 aa
459 4321 509 4373 per
527 4305 572 4358 tot
590 4301 778 4374 interpretum
796 4320 896 4358 manus
913 4302 1035 4358 traditus
1053 4319 1088 4356 ne
1103 4318 1199 4356 sensus
1218 4301 1332 4370 quidem
1346 4302 1402 4358 loci

225 4399 317 4450 certus
336 4395 388 4450 est.
403 4423 438 4432 —
455 4393 654 4449 Alcmaeonem
676 4392 773 4450 omisit
789 4391 978 4448 Graelenhain
997 4392 1128 4446 Demere
1147 4389 1234 4446 libros
1252 4389 1402 4447 dedicandi

226 4483 302 4554 apud
326 4481 477 4551 scriptores
496 4481 618 4538 Graecos
637 4484 667 4538 et
684 4481 827 4538 Romanos
850 4479 934 4536 obvio
958 4477 1115 4551 (hlarbnrgi
1134 4483 1202 4536 laea
1221 4480 1293 4536 Diss.
1312 4479 1402 4552 phil).
