3358 5132
779 348 999 410 „30-

304 506 465 590 syllabam
491 507 588 571 modo
611 507 802 590 produxisse
826 507 923 571 modo
946 506 1152 590 corripuisse,
1173 528 1238 590 qua
1256 505 1292 570 in
1310 529 1345 570 re
1367 509 1480 572 nescio

305 635 346 676 an
374 612 549 677 Homerico
577 619 705 698 θοῦρος
719 611 834 696 Ἄρης,
860 613 1007 695 ocdoada
1033 613 1139 694 ἄλκην
1166 609 1201 697 (a
1222 611 1357 698 θορεῖν)
1384 615 1480 678 abusi

304 719 380 782 sint
424 718 599 783 Praeterea
630 719 698 783 sive
731 741 750 782 a
777 740 855 782 voce
883 718 1004 782 dhvar
1031 715 1181 804 (sidrach,
1213 718 1253 783 cf.
1282 719 1319 783 G.
1344 719 1479 784 Curtius

306 825 426 890 Graecia.
442 826 547 908 Etym.
566 847 640 910 pag.
659 823 740 910 256)
764 826 831 888 sive
855 848 875 888 a
897 824 1016 888 dhara
1039 821 1146 908 (Gass,
1171 825 1322 906 Tropsea,·
1346 846 1481 908 acuaryo

305 933 408 995 cilicini
422 932 552 1012 Pserdes
562 932 669 1016 Same,
687 931 726 996 of.
738 931 819 997 Fiolr
833 932 1007 1012 ludoyerm.
1023 930 1219 994 Wdrderbach
1232 928 1267 993 1³
1280 929 1361 1017 695)
1380 933 1481 995 verba

304 1039 363 1102 illa
395 1039 556 1123 originem
587 1039 720 1122 petiisse
750 1043 863 1121 putas,
892 1059 1055 1120 nusquam
1087 1037 1217 1100 litterae
1247 1042 1271 1100 f
1299 1037 1479 1122 vestigium

306 1151 449 1230 apparet
491 1145 639 1228 Denique
662 1145 837 1228 quominus
861 1144 943 1208 illud
961 1149 985 1206 f
1006 1144 1042 1207 in
1064 1144 1347 1207 substantivorum
1370 1147 1404 1208 et
1425 1145 1480 1207 ad·

305 1253 497 1317 iectivorum
516 1253 607 1317 exitu
624 1252 770 1315 additum
789 1273 860 1315 esse
879 1251 1077 1315 coniciamus
1096 1250 1233 1334 impedit
1255 1253 1289 1314 et
1306 1255 1480 1334 poetarum

305 1359 526 1424 inconstantia
556 1362 590 1423 et
617 1359 728 1444 glossa
755 1356 917 1422 Laconica
943 1359 1090 1442 θοράτας
1118 1354 1199 1441 (non
1227 1355 1407 1442 θωράτας).
1435 1395 1479 1402 -

304 1462 420 1548 Itaque
444 1465 664 1548 Theophrasti
687 1465 793 1529 forma
815 1471 923 1547 θορῆς
948 1463 1056 1528 ionica
1081 1469 1145 1545 est,
1173 1485 1269 1546 quarn
1297 1463 1348 1527 vel
1371 1465 1480 1549 negle

303 1570 447 1658 gentia¹)
475 1572 527 1636 rel
551 1594 626 1636 cum
648 1570 856 1635 Alcmaeonis
885 1570 1081 1634 sententiam
1105 1570 1289 1654 glossarum
1317 1571 1352 1632 ni
1380 1569 1479 1634 fallor

302 1677 512 1742 multitudine
536 1682 720 1741 commotus
743 1677 784 1740 ad
801 1677 938 1740 verbum
957 1675 1197 1762 exscriberetl),
1220 1699 1258 1741 ex
1281 1676 1385 1760 ipsius
1404 1676 1480 1741 Ale-

303 1782 450 1847 maeonis
473 1783 558 1847 libro
581 1783 700 1846 hausit.

392 1890 516 1954 Rursus
535 1888 638 1974 igitur
656 1889 800 1954 ionicum
814 1890 1008 1973 scriptorem
1024 1891 1255 1955 Alcmaeonem
1274 1890 1479 1974 agnovimus.

303 1997 350 2060 At
377 2017 491 2062 vereor
517 2019 558 2060 ne
586 1995 673 2080 quod
702 1994 844 2080 Sisypho
877 1996 963 2060 idem
991 1996 1086 2060 nobis
1115 1996 1241 2061 accidat
1272 1999 1310 2060 nt
1337 2019 1378 2061 ex
1404 1996 1478 2080 ipso

303 2105 424 2167 montis
462 2104 629 2168 cacumine
665 2102 749 2186 lapis
787 2103 965 2167 delabatur.
1017 2103 1114 2179 Quali
1146 2103 1234 2168 enim
1268 2103 1477 2168 Alcmaeonis

301 2210 406 2274 libelli
435 2209 611 2292 exemplari
638 2208 899 2292 Theophrastum
932 2231 1028 2272 usum
1058 2231 1129 2272 esse
1156 2209 1323 2273 dicemus?
1359 2209 1477 2275 Nonne

301 2316 382 2379 illud
406 2337 533 2400 quoque
551 2316 734 2379 ionicorum
752 2315 952 2380 medicorum
971 2337 1086 2379 manus
1104 2338 1295 2399 perpessum
1314 2339 1385 2380 esse
1409 2318 1478 2381 veri

300 2421 382 2486 satis
406 2425 457 2486 est
479 2421 608 2485 simile?

392 2527 597 2612 Quamquam
620 2527 723 2612 igitur
747 2550 785 2592 ex
808 2526 856 2592 eis
884 2548 966 2610 quae
993 2531 1123 2592 exstant
1150 2529 1320 2615 profligari
1348 2552 1478 2594 resne

306 2635 388 2720 quit,
410 2640 531 2717 tamen,
554 2635 583 2698 si
606 2657 687 2718 quae
712 2635 852 2699 sentiam
875 2635 981 2700 dicere
999 2634 1086 2720 licet,
1109 2657 1182 2700 cum
1205 2635 1330 2700 ionicae
1353 2637 1479 2701 formae

302 2742 414 2825 plures
438 2741 520 2804 mihi
543 2741 714 2805 videantur
736 2762 834 2824 quarn
859 2762 939 2824 quas
958 2741 1097 2805 lectores
1115 2740 1238 2806 invitos
1260 2741 1479 2808 immiscuisse

307 2847 461 2913 credibile
479 2853 593 2931 putem
612 2844 900 2932 (ΚροτωνιΗτΗς,
922 2851 1131 2931 σαφΗνειαν,
1153 2852 1337 2932 ΠερίθΟΤ,
1358 2853 1480 2934 sopire

304 2961 418 3019 contra
432 2976 533 3018 unum
547 2951 682 3039 ἔχοντι),
699 2954 804 3018 ionice
821 2954 1049 3018 Alcmaeonem
1069 2954 1237 3038 scripsisse
1257 2979 1415 3020 censeam.
1434 2994 1478 3004 —

390 3061 599 3126 Alcmaeonis
618 3060 731 3124 libello
751 3061 906 3144 quamdiu
919 3064 1067 3144 tempora
1081 3063 1287 3144 pepercerint
1304 3085 1371 3127 non
1387 3068 1477 3128 certo

302 3171 431 3235 scimus.
477 3168 562 3234 Nam
596 3168 681 3253 quod
715 3190 827 3233 omnes
858 3168 925 3231 fere
953 3167 1015 3231 viri
1047 3168 1134 3231 docti
1168 3191 1186 3232 e
1214 3169 1389 3254 Philoponi
1422 3167 1478 3254 (ad

301 3276 401 3341 Arist.
429 3276 458 3339 d.
482 3276 578 3339 anim.
601 3276 667 3339 405
687 3297 706 3338 a
726 3276 781 3359 293
808 3296 882 3358 pag.
902 3275 960 3358 88,
980 3275 1016 3337 11
1046 3273 1221 3361 Hayduolr)
1243 3275 1311 3339 illis
1334 3277 1374 3340 τὰ
1399 3293 1479 3358 συγ-

302 3383 476 3466 γράμματα
499 3393 566 3446 τῶν
588 3379 724 3465 ἀνδρῶν
746 3382 874 3446 τούτων
897 3377 981 3465 (soil.
1000 3380 1157 3465 Thaletis,
1180 3382 1339 3468 Diogenis
1358 3383 1479 3467 Apoll,

302 3489 470 3570 Heracliti,
484 3485 708 3574 Alcmaeonis)
727 3489 768 3553 οὐ
786 3491 945 3571 πρόχειρα
964 3487 1044 3571 ἡμῖν
1058 3486 1149 3553 ἐστιν
1167 3489 1371 3574 collegerunt
1388 3489 1479 3552 illius

302 3595 506 3679 temporibus
525 3596 647 3660 librum
670 3618 736 3659 non
754 3595 821 3658 iam
840 3594 1013 3673 exstitisse,
1036 3595 1124 3659 haud
1147 3600 1235 3660 recte
1258 3595 1375 3660 fecisse
1399 3595 1482 3660 mihi

301 3703 466 3784 videntur,
495 3725 568 3768 oum
597 3705 776 3787 πρόχειρον
803 3697 889 3766 εἶναι
918 3723 1047 3785 semper
1075 3703 1161 3786 quod
1190 3703 1291 3768 sciam
1315 3703 1482 3789 significet

393 3936 419 4000 1)
446 3929 553 3984 Nostra
581 3947 691 3999 quoque
719 3932 812 3985 aetate
841 3930 963 3984 virorum
990 3929 1135 3984 doctorum
1164 3930 1344 3999 diligentiam
1375 3932 1481 4002 fugisse

299 4020 424 4085 videtum
449 4020 528 4073 deest
551 4020 625 4073 enim
650 4021 785 4089 quantum
809 4018 892 4073 rideo
915 4018 955 4072 eis
973 4016 1110 4072 librorum
1130 4020 1376 4088 grammaticorum
1400 4021 1481 4090 loeis,

300 4111 349 4166 ubi
364 4110 398 4162 de
413 4106 483 4177 adop
498 4108 559 4162 sim.
574 4107 676 4178 agitur.
706 4107 795 4162 Causa
814 4109 909 4161 autern
928 4124 977 4162 cur
994 4108 1055 4176 ipso
1069 4107 1177 4163 formae
1192 4125 1276 4164 sonus
1289 4108 1481 4179 Theophrasti

300 4217 381 4254 aures
403 4216 460 4253 non
483 4197 612 4267 laeserit,
636 4213 651 4251 e
674 4196 752 4252 vocis
775 4194 845 4267 κόρη
870 4197 932 4251 sim.
952 4198 1088 4251 concentu
1111 4195 1242 4252 inscienti
1266 4198 1293 4253 ei
1312 4199 1481 4256 obversante

298 4287 451 4359 repetenda
468 4286 589 4341 videtur.

389 4380 417 4446 2)
441 4375 482 4432 cf,
501 4373 703 4430 Anaximandri
725 4375 813 4430 verba
835 4375 1031 4441 Dox.4'16‚8.
1069 4375 1149 4440 Quod
1173 4373 1214 4429 ibi
1237 4375 1342 4445 legitur
1360 4377 1481 4441 ἀδικΙΑς

301 4471 392 4521 utrum
413 4465 607 4535 Theophrasto
624 4464 805 4520 tribuendum
824 4465 862 4518 sit
880 4482 916 4518 an
936 4462 1081 4533 Simplicio
1100 4480 1135 4517 an
1155 4463 1277 4518 librariis
1297 4464 1447 4522 nescimus,
