3358 5132
786 360 1007 422 ..12-

416 517 474 594 οὓς
486 516 705 594 Ἀπολλώνιος
724 519 741 583 6
761 521 908 596 Τυανεὺς
927 517 979 584 καὶ
1001 519 1177 604 Εὐφράτης
1196 519 1213 584 ὁ
1233 520 1353 602 Τύριος
1372 519 1485 602 ἐφιλο-

418 622 608 709 σόφουν.1)“
1656 633 1657 704 1

355 749 383 812 8.
420 747 621 833 Hippolytus
644 749 938 834 philosophumena
957 750 971 814 I
992 748 1087 832 (Dox.
1107 739 1181 834 555,
1203 748 1272 835 12);
1298 749 1426 834 ἐγένετο
1446 748 1485 816 δὲ

417 851 501 941 (scil.
520 852 652 942 Thales)
677 856 759 920 κατά
783 859 940 938 Κροῖσον.

353 980 383 1042 9.
417 979 498 1043 Ibid.
522 979 574 1044 111
599 979 694 1066 (Dox.
721 982 795 1065 558,
819 979 868 1066 4):
890 978 1113 1064 Ἐμπεδοκλῆς
1136 982 1215 1064 μετὰ
1239 983 1377 1059 τούτους
1400 979 1483 1068 (scil.

416 1085 587 1151 Thaletem
610 1084 835 1171 Pythagoram
859 1084 934 1172 eto.)
958 1089 1144 1170 γενόμενος.

334 1209 381 1272 19.
416 1208 604 1274 Athenaeus
628 1210 667 1274 N.
687 1209 756 1274 Att.
780 1233 811 1293 p.
835 1209 951 1276 5990:
979 1209 1162 1293 Ἀνακρέων
1186 1213 1267 1277 κατά
1291 1216 1406 1294 Κῦρον
1429 1211 1484 1277 καὶ

416 1316 636 1400 Πολυκράτην
650 1320 837 1400 γενόμενος,
849 1319 978 1403 Σαπφὼ
994 1315 1062 1382 κατ’
1076 1317 1253 1403 Ἀλυάττην
1266 1319 1324 1384 τὸν
1334 1323 1484 1402 Κροίσου

415 1422 547 1508 πατέρα.

332 1549 381 1611 ll.
415 1547 496 1612 lbid.
515 1571 589 1633 pag.
608 1550 646 1612 12
658 1547 701 1612 A:
722 1548 851 1632 ἐγένετο
874 1549 955 1613 κατά
974 1553 1050 1626 τοὺς
1069 1553 1223 1633 Τιβερίου
1238 1553 1380 1635 χρόνους
1398 1550 1484 1636 άνηρ

414 1678 463 1728 τις
484 1651 633 1731 Ἀττικός.

334 1779 380 1842 12.
413 1777 494 1841 Ibid.
517 1800 590 1864 pag.
617 1781 680 1844 589
696 1779 740 1844 D:
770 1783 1019 1864 Στησίμβροτος
1046 1781 1127 1845 κατά
1155 1783 1233 1858 τοὺς
1260 1781 1381 1858 αὐτοὺς
1406 1786 1484 1868 χρό-

413 1908 494 1962 νους
517 1891 676 1970 Περικλεῖ
697 1890 884 1970 γενόμενος.

332 2008 381 2072 13.
415 2007 623 2074 Marcellinus
648 2035 675 2075 v.
699 2011 843 2096 Thucyd.
868 2012 923 2077 54:
953 2015 1105 2095 φαίνεται
1134 2011 1186 2077 ἐπὶ
1212 2025 1278 2078 τῶν
1296 2010 1484 2098 Ἡροδότου

413 2119 544 2200 χρόνον
572 2121 766 2201 γενόμενος,
794 2124 828 2182 ελ
847 2116 878 2200 γ’
905 2119 922 2184 6
951 2115 1012 2202 μὲν
1031 2116 1212 2202 Ἡρόδοτος
1240 2118 1400 2204 μέμνηται
1426 2130 1485 2203 τῆς

413 2227 567 2307 Θηβαίαν
600 2227 752 2309 εἰσβολῆς
784 2228 830 2301 εἰς
862 2227 922 2310 την
956 2227 1144 2306 Πλάταιαν,
1178 2225 1253 2310 περὶ
1291 2223 1329 2311 ἧς
1360 2229 1487 2313 ἱστορεῖ

414 2333 623 2414 Θουκυδίδης
646 2331 682 2396 ἐν
705 2341 747 2416 τῇ
768 2329 811 2415 β’.

334 2456 380 2518 14.
416 2455 577 2542 Georgius
607 2455 776 2540 Syneellus
805 2457 980 2541 130917
1014 2459 1060 2521 ed.
1087 2457 1204 2522 Bonn.:
1234 2460 1315 2523 κατὰ
1344 2461 1484 2536 τούτους

412 2564 489 2638 τοὺς
512 2565 653 2647 χρόνους
673 2563 825 2646 Σαμψὼν
847 2559 890 2646 ἦν
914 2563 931 2628 6
951 2561 1028 2648 παρ’
1040 2562 1177 2648 Ἕλλησι
1197 2566 1367 2650 βοώμενος
1380 2563 1482 2651 Ἦρα-

412 2673 498 2751 κλῆς.
545 2665 631 2745 τινὲς
660 2666 696 2733 61
724 2672 787 2754 κρὸ
816 2671 935 2735 τούτου
967 2673 1085 2754 μικρὸν
1120 2673 1290 2758 ἱστοροῦσι
1323 2673 1483 2755 γενέσθαι

408 2772 585 2860 Ἡρακλην.

332 2900 381 2964 15.
413 2900 530 2965 15181
551 2902 626 2966 123ε
655 2900 736 2963 κατά
764 2895 824 2983 μὲν
845 2898 977 2985 ’Ίναχον
1002 2899 1134 2986 Ἰσραὴλ
1162 2908 1344 2989 γενόμενον
1369 2900 1482 2990 εὗρον,

412 3008 492 3071 κατά
517 3003 553 3071 66
577 3011 763 3091 Σεμίραμιν
787 3009 845 3072 τὸν
868 3005 1019 3092 Ἀβραάμ.

330 3132 378 3197 16.
407 3131 516 3195 15151
536 3131 673 3216 118,12;
693 3132 773 3196 κατά
786 3130 918 3217 Ἴναχον
937 3131 992 3198 καὶ
1009 3134 1168 3219 Φορωνέα
1187 3138 1244 3201 τὸν
1260 3135 1406 3223 Ἰνάχου.
1423 3190 1427 3202 .
1445 3190 1451 3202 .
1468 3190 1475 3204 .

411 3238 568 3321 γενέσθαι
593 3237 781 3325 Μωϋσέαά)
1318 3274 1321 3280 ·

329 3366 378 3427 17.
412 3362 493 3427 Ibid.
513 3363 527 3426 1
550 3364 613 3428 124
633 3360 688 3446 (ε
711 3364 785 3446 229,
800 3364 834 3447 33
855 3365 928 3448 284,
943 3365 978 3447 33
1003 3364 1166 3430 Cedrenus
1186 3367 1200 3430 1
1222 3370 1262 3433 76
1283 3370 1328 3432 ed.
1346 3369 1478 3454 Bonn.):

395 3666 421 3733 1)
440 3663 492 3718 Dio
512 3682 574 3718 cum
593 3664 650 3718 iarn
667 3663 834 3734 Vespasiani
854 3665 901 3733 qui
921 3667 1038 3721 Romam
1058 3684 1120 3720 eum
1141 3667 1289 3722 arcessivit
1307 3670 1481 3738 temporibus

303 3754 405 3823 (⁶91⁷9)
429 3771 537 3807 summa
560 3751 651 3821 gloria
674 3753 812 3822 floruerit,
841 3753 917 3808 oiroa
940 3755 1062 3809 medium
1087 3756 1227 3810 saeculum
1254 3755 1375 3825 primum
1397 3761 1480 3814 natus

308 3861 369 3897 osse
388 3843 528 3911 putandus
548 3844 599 3896 est.
638 3842 737 3912 ltaque
757 3842 913 3912 Euphrates
933 3847 1007 3898 certe
1027 3844 1142 3914 Tyrius,
1168 3863 1249 3914 quem
1269 3846 1410 3901 Hadriano
1430 3848 1481 3902 im·

307 3933 423 4001 perante
437 3933 601 4001 (lla-138)
617 3933 756 3987 mortuum
771 3951 831 3987 esse
847 3935 964 4000 constat,
984 3951 1039 3987 non
1057 3933 1100 3987 ita
1114 3935 1234 3989 multum
1254 3937 1347 3990 aetate
1362 3934 1481 3990 Dionem

303 4021 483 4076 antecessisse
507 4021 624 4074 videtur.
663 4020 830 4090 Apollonius
855 4021 1008 4090 Tyanensis
1036 4019 1131 4076 Nerva
1157 4023 1314 4091 imperante
1342 4028 1478 4095 (aa-98)

303 4112 421 4166 mortem
442 4107 521 4164 obiit.

392 4219 419 4287 2)
439 4217 612 4284 Quamquam
638 4216 723 4270 etiam
746 4219 829 4271 natus
853 4218 914 4272 erat
936 4217 1040 4272 Inacho
1067 4220 1203 4287 regnante
1227 4218 1476 4290 (Sync.1116,4;

303 4314 366 4374 127,
390 4312 440 4374 12).
479 4305 559 4372 Quod
583 4321 618 4360 ne
646 4305 692 4360 hic
720 4323 830 4375 quoque
854 4306 1005 4378 significari
1032 4307 1131 4376 rearis,
1159 4309 1287 4362 attendas
1316 4310 1401 4364 verba
1428 4311 1477 4366 καλ

305 4394 445 4466 Φορωνέα.
482 4397 633 4451 Praeterea
652 4395 688 4450 of.
704 4395 859 4450 Gedranum
879 4396 940 4450 176
960 4397 1002 4451 ed.
1018 4395 1119 4453 Bonn.:
1145 4400 1268 4468 Μωϋσης
1287 4395 1319 4452 ἐν
1337 4405 1394 4462 τοῖς
1412 4398 1476 4470 χρό-

302 4505 362 4549 νοις
378 4483 487 4556 Ἰνάχου
506 4479 542 4555 ἦν
561 4483 700 4556 ἀκμάζων.
