3358 5132
709 357 929 427 *59-

231 541 293 606 que
316 519 403 584 idem
422 541 492 584 esse
513 522 641 586 statuit.
677 520 748 586 Iam
766 518 964 587 Aristoteles
983 521 1217 608 Empedoclem
1242 524 1407 611 cogitandi

231 626 394 693 actionem
419 629 607 711 σωματικόν
629 650 661 692 τι
689 627 800 713 ὥσπερ
826 629 866 693 τὸ
893 628 1117 694 αἰσθάνεσθαι
1144 635 1278 715 putasse
1305 632 1408 697 tradit

231 729 284 820 (de
307 755 357 798 an
381 731 430 797 III
453 735 489 817 3,
511 733 576 797 427
601 757 621 798 a
644 731 716 820 26);
745 735 829 798 unde
854 734 1083 802 Alcmaeonem
1106 737 1256 821 posuisse
1280 743 1408 804 contra

230 840 330 927 rium,
361 841 393 905 h.
418 863 444 905 e.
473 841 616 906 animam
644 839 821 926 ἀσώματον
853 863 939 926 esse,
971 843 1120 909 concludi
1147 866 1245 929 posse
1273 845 1407 910 uidetur.

230 947 354 1013 Tamen
372 947 521 1032 equidem
540 945 726 1032 Gomperaii
745 946 817 1034 (ll.
839 947 917 1036 122)
936 950 1123 1034 apartibus
1142 953 1204 1036 sto,
1224 952 1280 1035 qui
1299 952 1407 1018 nescio

230 1077 295 1140 qua
321 1077 360 1120 cx
384 1055 522 1120 materia
550 1053 693 1120 animam
722 1057 872 1120 constare
901 1077 975 1120 cum
1004 1079 1021 1121 e
1045 1057 1216 1124 stellarum
1243 1065 1408 1142 compara'-

190 1225 194 1232 .
231 1161 319 1227 tione
339 1158 387 1247 (id
407 1161 492 1246 quod
511 1160 559 1224 nil
577 1158 691 1247 refert)
709 1166 781 1227 tum
805 1162 880 1227 iude
900 1163 1038 1249 colligit,
1062 1165 1149 1248 quod
1166 1164 1213 1230 nil
1232 1165 1297 1230 nisi
1320 1167 1406 1249 quod

230 1269 385 1334 materiae
408 1268 572 1353 particeps
595 1268 641 1332 sit
664 1267 786 1334 circulo
811 1270 935 1334 moveri
955 1274 1061 1354 queat.
1098 1269 1185 1336 Nam
1209 1294 1406 1356 quamquam

230 1378 343 1440 contra
366 1373 597 1461 Gompercium
619 1375 725 1441 facere
750 1375 878 1440 videtur
901 1375 998 1442 Plato
1028 1377 1085 1462 qui
1111 1378 1255 1444 animam
1282 1383 1315 1444 et
1339 1401 1407 1444 cor-

229 1502 308 1566 pore
327 1504 443 1547 vacare
467 1487 500 1547 et
517 1481 705 1567 ἀεικίνητον
725 1504 796 1547 esse
816 1483 920 1569 docet,
942 1487 1053 1550 tamen
1072 1485 1165 1550 valde
1186 1507 1236 1550 me
1255 1486 1405 1552 dubitare

229 1589 399 1673 profiteor,
430 1611 510 1653 num
543 1589 620 1654 talis
654 1589 783 1673 qualem
809 1590 1018 1656 Alcmaeonis
1049 1589 1203 1656 Rohdeus
1237 1592 1334 1678 fingit
1367 1593 1405 1658 de

230 1693 340 1760 anima
362 1696 474 1781 opinio
497 1703 573 1762 ante
595 1695 769 1764 Platonem
793 1698 880 1782 apud
903 1697 1044 1764 Graecos
1068 1699 1242 1784 exstiterit,
1267 1722 1341 1784 cum
1364 1723 1404 1766 ue

231 1802 445 1889 Anaxagorae
469 1801 600 1888 quidem
618 1813 699 1881 νοῦς
716 1804 871 1870 materiae
894 1805 991 1890 plane
1010 1828 1123 1890 expers
1143 1807 1196 1870 sit.
1232 1807 1406 1874 Praeterea

229 1910 338 1974 nescio
362 1932 404 1974 an
423 1910 668 1994 Theophrastus
691 1933 758 1976 non
777 1911 883 1976 solum
906 1916 1094 1997 σωματικόν
1112 1937 1143 1977 τι
1166 1918 1203 1978 ut
1222 1935 1337 1978 sensus
1356 1915 1405 1980 ita

230 2016 399 2101 rationem,
422 2017 479 2082 sed
502 2016 569 2082 fere
592 2017 678 2082 idem
703 2039 830 2083 ecesse
849 2019 1082 2104 Empedoclem
1103 2025 1237 2104 putasse
1261 2021 1403 2108 inique1)

230 2122 419 2190 iudicarent
441 2124 496 2210 (cf.
514 2122 596 2190 Dos.
616 2123 691 2208 502,
707 2122 840 2212 7-13).
873 2125 987 2209 Itaque
1007 2107 1122 2191 vereor
1139 2150 1180 2191 ne
1199 2127 1235 2192 in
1252 2127 1314 2193 hac
1328 2128 1403 2193 Alc-

229 2231 373 2296 maeonis
393 2235 491 2316 atque
510 2231 719 2317 Empedoclis
740 2233 983 2318 comparatione
1007 2234 1046 2300 de
1066 2255 1256 2317 corporee
1274 2238 1404 2300 tantum

229 2337 394 2426 cogitandi
417 2343 536 2404 natura
559 2360 625 2403 non
647 2339 843 2426 cogitaverit
866 2340 1127 2428 Theophrastus,
1153 2341 1209 2406 sed
1232 2344 1270 2405 ut
1293 2364 1404 2406 revera

229 2468 342 2511 sensus
372 2447 597 2530 rationemque
628 2468 694 2510 non
727 2446 854 2532 origine
886 2447 1008 2532 solum,
1038 2449 1095 2514 sed
1125 2452 1241 2515 natura
1273 2469 1402 2532 quoque

228 2574 330 2620 unum
352 2553 503 2638 idemque
526 2556 698 2636 putantem
721 2553 953 2638 Empedoclem
976 2555 1167 2620 Alcmaeoni
1191 2558 1344 2638 opponat.

716 2778 914 2848 magnum

317 2909 483 2976 Aristot.
510 2911 553 2974 de
582 2933 636 2976 an.
664 2909 680 2973 Ι
704 2912 737 2993 2,
760 2911 826 2975 405
850 2933 871 2974 a
893 2912 948 2976 29:
981 2918 1150 2978 κινεῖσθαι
1182 2912 1245 2995 γὰρ
1278 2909 1333 2976 καὶ
1363 2911 1403 2978 τὰ

227 3024 305 3083 θεία
327 3017 434 3082 πάντα
457 3029 603 3102 συνεχῶς
625 3016 687 3101 ἀεί,
710 3020 864 3101 σελήνην,
887 3018 995 3102 ἥλιον,
1018 3022 1097 3095 τοὺς
1114 3016 1252 3102 ἀστέρας
1269 3016 1325 3084 καὶ
1343 3019 1403 3083 τὸν

227 3125 373 3210 οὐρανὸν
396 3124 485 3190 ὅλον.

316 3231 497 3296 hairtins
521 3230 628 3317 Diog.
653 3229 737 3294 VIII
760 3232 816 3296 83:
849 3233 911 3316 ἔφη
945 3227 982 3296 di
1008 3229 1065 3298 καὶ
1091 3231 1152 3315 την
1179 3234 1291 3317 ψυχὴν
1319 3231 1403 3296 ἀθά-

227 3361 328 3404 νατον
353 3335 406 3403 καὶ
425 3344 595 3404 κινεῖσθαι
613 3337 717 3420 αὐτὴν
736 3348 882 3422 συνεχῶς
901 3337 945 3414 ὡς
962 3341 1022 3404 τὸν
1040 3339 1137 3422 ἥλιον
1156 3335 1211 3404 καὶ
1229 3339 1290 3422 τὴν
1309 3340 1403 3421 σελη-

228 3469 302 3528 νην,
321 3442 374 3509 nul
394 3445 474 3510 ὅλον
493 3447 553 3511 τὸν
572 3444 719 3529 οὐρανὸν
733 3443 796 3528 [sic
811 3444 964 3530 Zellcrus‚
983 3445 1060 3509 libri
1074 3448 1219 3529 σελήνην
1236 3443 1403 3528 καθόλου]

226 3553 349 3635 ταύτην
373 3555 461 3637 ἔχειν
484 3551 594 3618 ἀΐδιον
617 3548 764 3637 φύσινὲ)

316 3658 453 3724 Aetius
471 3657 572 3748 Plac.
591 3657 625 3721 II
643 3660 692 3743 16,
707 3660 771 3723 23
792 3655 897 3745 (Dor.
912 3659 978 3725 345
993 3682 1013 3725 a
1030 3661 1080 3744 19,
1095 3661 1116 3724 b
1132 3658 1203 3746 22):
1217 3655 1403 3743 Ἀλκμαίων

227 3764 282 3831 καὶ
305 3767 341 3832 οἱ
356 3763 581 3850 μαθηματικοὶ
603 3766 683 3842 τοὺς
700 3765 869 3850 πλάνητας
890 3777 960 3844 τοῖς
978 3765 1160 3833 ἀπλανέσιν
1183 3765 1248 3832 ἀπὸ
1268 3768 1406 3850 δυσμῶν

316 3961 344 4030 1)
361 3960 406 4016 lta
425 3959 537 4030 caepim
555 3956 724 4014 Aristoteles
745 3975 869 4028 quoque:
892 3959 992 4016 thde
1010 3961 1029 4016 l.
1048 3961 1067 4015 l.
1087 3965 1154 4030 469,
1174 3968 1187 4016 1
1208 3961 1292 4030 extr-,3
1316 3958 1406 4012 Zeller

225 4049 256 4102 1⁶
271 4054 330 4118 aar,
346 4057 370 4104 1.

301 4139 342 4208 2)
362 4137 408 4192 Sic
422 4136 510 4193 verba
523 4137 664 4194 continuo.
688 4137 761 4192 Nam
777 4137 897 4194 disiecta
911 4141 985 4209 apud
997 4138 1141 4196 laertium
1156 4140 1246 4194 latere
1261 4135 1405 4206 scriptoris

225 4227 352 4283 membra
374 4225 457 4282 docet
482 4242 566 4295 quem
590 4227 676 4282 modo
702 4227 786 4282 attuli
812 4229 889 4283 locus
913 4229 1117 4285 Aristotelicus.
1156 4225 1295 4282 Videntur
1319 4223 1406 4294 igitur

225 4333 296 4386 quac
315 4315 430 4374 alterius
448 4315 550 4386 capitis
574 4315 688 4370 luerunt
714 4315 801 4372 verbs
820 4321 944 4372 extrema
967 4335 985 4371 a
1004 4316 1126 4373 librariis
1150 4315 1273 4386 primum
1288 4313 1405 4380 omissa,

226 4407 287 4460 tum
307 4403 422 4460 exeunti
440 4403 528 4475 capiti
551 4403 638 4474 priori
661 4404 689 4459 in
708 4405 835 4474 margine
859 4407 930 4460 salso
949 4405 1104 4475 adscripta,
1128 4403 1230 4460 deinde
1249 4403 1279 4460 in
1297 4405 1404 4458 textum

226 4495 341 4565 recepte
359 4509 428 4548 esse.
467 4494 506 4548 Ut
523 4510 596 4548 nunc
615 4493 756 4564 leguntur,
776 4495 977 4550 sententiarum
996 4495 1122 4552 ordinem
1141 4493 1266 4550 turbent.
