3358 5132
735 377 954 444 ..ῖς-

257 543 361 624 putat.
409 537 471 604 Sed
496 561 578 624 quae
602 540 640 603 de
664 539 788 604 morbis
813 543 910 624 atque
935 541 972 604 de
995 538 1130 605 humani
1150 538 1298 624 corporis
1314 544 1434 605 natura

259 647 414 712 Alcmaeo
434 646 517 712 dixit
532 643 575 734 (v.
591 646 707 733 fragm.
722 644 829 732 XXII)
843 647 968 712 faciunt
986 650 1024 711 ut
1041 668 1304 732 unamquamque
1323 647 1434 732 potius

258 776 326 819 rem
350 754 514 821 contraria
537 753 623 818 inter
646 775 680 818 se
703 754 867 838 permixta
890 754 1044 837 amplecti
1068 775 1266 820 censeamus.

348 861 412 927 Sed
440 861 589 946 quamvis
617 861 730 926 multis
759 860 1008 926 difficultatibus
1040 861 1095 925 hic
1122 861 1213 927 locus
1244 862 1433 929 obstructus

259 969 313 1053 sit,
336 969 399 1033 hoc
418 968 626 1052 perspicuum
644 971 703 1053 est,
727 967 767 1031 ab
792 967 847 1053 sis,
872 968 927 1052 qui
950 967 1102 1033 binorum
1120 968 1358 1035 contrariorum
1381 971 1432 1034 dc-

258 1075 367 1165 cadem
397 1074 579 1159 docuerint,
607 1073 856 1160 diligentissime
885 1074 979 1140 illum
1007 1075 1048 1139 ab
1077 1073 1257 1139 Aristotele
1286 1074 1434 1159 discerni,

259 1180 351 1246 cuius
371 1181 471 1246 verba
490 1181 577 1246 clara
596 1185 674 1246 sunt
696 1185 730 1246 et
749 1203 831 1265 quae
850 1181 1023 1267 diligentes
1047 1181 1152 1267 magis
1172 1181 1311 1246 lectores
1335 1205 1434 1266 quam

258 1288 371 1353 doctos
404 1289 599 1372 interpretes
630 1288 806 1374 requirant.
852 1287 967 1373 Itaque
999 1311 1072 1354 cum
1099 1287 1230 1353 Rittero
1259 1283 1380 1374 (Gescb.
1404 1291 1432 1354 d.

257 1392 374 1458 Ptelea.
396 1393 468 1478 125,
484 1391 528 1480 1),
550 1393 764 1479 Philippsono
784 1391 818 1480 (l.
833 1394 854 1459 l.
876 1391 963 1482 185),
982 1393 1107 1458 Zellero
1128 1390 1178 1481 (1⁵
1196 1390 1321 1480 355,1)
1340 1394 1433 1460 valde

257 1500 371 1585 miror,
400 1501 485 1584 quod
514 1523 580 1566 non
609 1501 715 1567 solum
738 1499 946 1588 Krugium1),
975 1502 1030 1567 sed
1059 1501 1158 1566 etiam
1181 1499 1432 1588 chaignetuml)

257 1610 289 1671 et
312 1605 500 1694 Buhlium³)
528 1631 587 1674 nec
614 1631 681 1673 non
709 1605 917 1693 Hegelium4)
946 1608 1075 1673 invenio
1103 1612 1274 1674 narrantes
1303 1626 1434 1677 συστοι-

259 1716 332 1796 χίας
355 1717 521 1780 auctorem
545 1715 586 1779 ab
610 1713 790 1780 Aristotele
814 1736 887 1778 eum
911 1715 983 1780 dici.

349 1819 470 1886 Verum
486 1844 552 1886 non
566 1822 661 1887 modo
680 1819 767 1885 inter
782 1842 836 1886 eos
851 1821 907 1905 qui
922 1821 1051 1887 infinita
1066 1845 1136 1888 esse
1150 1844 1259 1889 rerum
1273 1825 1435 1910 principia

257 1926 430 1992 voluerunt
460 1926 674 2011 philosophos
703 1950 878 2013 nusquam,
907 1932 1065 2012 quantum
1093 1929 1200 2015 vidae,
1223 1929 1433 1997 Alcmaeonis

257 2033 296 2098 fit
319 2035 456 2120 mentio,
484 2035 541 2099 sed
568 2035 668 2101 etiam
694 2035 791 2100 huius
820 2036 981 2100 enuntiati
1008 2035 1115 2101 forma
1142 2037 1249 2103 minus
1278 2037 1434 2106 distincta

256 2145 354 2224 atque
387 2146 539 2206 accurata
567 2138 666 2227 est5),
699 2164 796 2226 quam
829 2146 866 2207 ut
897 2142 981 2223 hanc
1014 2142 1052 2206 de
1080 2142 1296 2208 humanarum
1324 2168 1434 2211 rerum

257 2247 428 2311 contrariis
448 2248 630 2314 doctrinam
648 2248 754 2312 fusius
774 2271 847 2314 eum
862 2252 1022 2314 tractasse
1041 2249 1150 2333 putari
1169 2251 1283 2334 possit.
1315 2250 1432 2336 Itaque

256 2357 325 2417 tam
357 2353 457 2418 debili
484 2355 519 2419 in
545 2354 757 2421 fundamento
784 2355 1027 2440 philosophiam
1062 2357 1223 2440 quandam
1256 2358 1295 2422 dc
1324 2381 1433 2425 rerum

256 2459 381 2545 origine
406 2483 480 2526 eum
502 2462 651 2547 posuisse
674 2462 870 2548 negaverim.

348 2568 394 2632 At
414 2591 470 2633 cur
488 2569 619 2633 tandem
639 2569 889 2634 contrarietates
910 2569 1041 2635 omnino
1061 2592 1135 2635 eum
1153 2571 1304 2658 tetigisse
1327 2594 1434 2640 cense-

256 2673 387 2740 bimus?
418 2674 493 2740 Non
518 2675 591 2761 alia,
614 2676 696 2740 mihi
720 2677 821 2761 crede,
845 2677 883 2741 de
907 2674 1047 2762 causa⁶)‚
1069 2677 1134 2742 nisi
1157 2682 1194 2742 ut
1216 2680 1278 2745 hac
1301 2702 1340 2744 ex
1364 2703 1434 2747 sen·

254 2781 359 2846 tentia
381 2782 481 2846 latius
504 2786 636 2866 patente
659 2783 856 2867 peculiarem
884 2805 982 2866 quam
1015 2785 1053 2848 de
1076 2785 1200 2849 morbis
1224 2787 1434 2873 corporisque

256 2887 391 2952 humani
405 2893 523 2953 natura
536 2890 725 2973 prolaturus
740 2892 810 2954 erat
825 2890 1006 2955 doctrinam
1021 2895 1161 2976 cogeret.
1187 2891 1291 2968 Quam
1306 2895 1348 2959 ob
1364 2917 1433 2960 rem

256 2993 336 3058 haec
349 2995 448 3059 verba
463 2996 556 3081 quasi
571 3018 587 3060 e
602 2995 768 3080 prooemio
784 2997 1011 3081 subsequentis
1025 2997 1202 3084 fragmenti
1215 3000 1348 3085 dempta
1362 3023 1433 3067 esse

257 3100 337 3164 mihi
360 3101 520 3168 videntur.

712 3240 844 3307 Fragm.
869 3239 978 3294 xm.

344 3351 484 3418 Aetius
502 3353 602 3418 Plac.
622 3353 753 3439 V30,1
776 3353 871 3441 (Dor.
890 3356 955 3420 442
976 3377 995 3418 a
1014 3353 1063 3440 3):
1083 3351 1268 3440 Ἀλκμαίων
1291 3367 1348 3442 τῆς
1370 3356 1433 3443 μὲν

256 3457 370 3538 ὑγείας
397 3453 483 3524 εἶναι
512 3463 708 3545 συνεκτικὴν
734 3463 795 3545 τὴν
820 3464 995 3546 ἰσονομίαν
1017 3473 1085 3527 τῶν
1109 3463 1299 3549 δυνάμεων,
1326 3465 1434 3552 ὑγροῦ

288 3577 473 3584 -...-.-.

346 3619 371 3686 1)
391 3618 482 3672 Gcccb.
498 3619 525 3673 d.
540 3618 642 3674 Pbilos.
662 3635 727 3688 pag.
744 3625 804 3674 111.

344 3710 370 3772 2)
390 3706 545 3777 Pythoporc
563 3707 588 3760 ΙΙ
603 3711 688 3776 bosq.

345 3797 371 3864 3)
390 3794 535 3850 Lebrbuct
553 3799 579 3852 d.
597 3795 690 3852 Gcscb.
706 3799 731 3852 d.
749 3797 852 3854 Pbilcs.
872 3797 959 3853 1247.

343 3885 371 3954 4)
389 3883 453 3938 Ges.
469 3885 572 3940 Werke
591 3885 657 3940 XllI
672 3890 732 3940 325.

347 3976 374 4043 5)
396 3972 443 4027 Τὰ
461 3973 567 4029 πολλὰ
585 3983 640 4031 τῶν
660 3976 859 4046 ἀνθρωπίνων.
897 3977 937 4032 cf.
956 3977 1115 4034 Aristotelis
1137 3978 1209 4034 illud
1227 3978 1278 4044 τὰς
1295 3980 1434 4050 τυχούσας

210 4060 212 4064 ’
256 4080 307 4118 555
326 4081 384 4118 non
402 4061 569 4134 ἀπέρριψεν.
607 4065 693 4121 Porro
717 4065 846 4121 attendas
869 4084 925 4136 qua
943 4067 1105 4123 confusione
1128 4069 1349 4137 permisceantur
1368 4087 1431 4126 ocn-

255 4151 344 4208 traria
372 4155 401 4208 et
429 4170 444 4207 c
472 4153 598 4208 sensibus
626 4156 656 4208 et
683 4171 698 4209 e
725 4155 833 4210 ratione
861 4155 960 4226 petia,
989 4173 1052 4212 cum
1075 4158 1240 4214 Aristoteles
1262 4159 1356 4229 (Phys.
1376 4160 1432 4227 As,

256 4259 319 4312 pag.
337 4244 412 4296 188b
426 4243 472 4313 30)
491 4260 539 4297 eos
558 4243 606 4312 qui
624 4243 767 4299 contraria
784 4243 923 4314 principia
942 4262 1001 4301 5555
1019 4246 1110 4301 velint
1132 4246 1290 4316 distinguat
1308 4251 1346 4320 τῷ
1367 4248 1433 4312 τοὺς

255 4329 307 4401 μὲν
325 4332 522 4403 γνωριμώτερα
541 4331 614 4387 κατὰ
632 4333 681 4388 τὸν
700 4331 792 4404 λόγον,
810 4333 876 4397 τοὺς
894 4332 925 4389 ol
940 4333 1013 4389 κατὰ
1029 4334 1080 4404 τὴν
1096 4336 1231 4404 αἴσθησιν
1246 4334 1432 4407 (λαμβάνειν).

346 4421 425 4490 6)Ιά
445 4421 519 4489 quod
535 4421 712 4476 Brundisium
732 4439 843 4491 quoque
861 4440 1024 4493 persuasum
1045 4423 1177 4480 habuisse
1195 4423 1305 4494 gaudeo
1325 4425 1434 4494 (Geact.

256 4513 282 4566 d.
297 4511 495 4578 Entwiclclunp
513 4512 539 4567 d.
554 4513 652 4580 prieris.
670 4513 773 4568 Plator.
789 4512 801 4564 I
817 4514 888 4582 190).
