3358 5132
771 373 988 442 „34-

298 541 334 602 ut
366 536 528 603 isonomia
559 558 671 602 eversa
703 536 854 602 binorum
889 537 1128 602 contrariorum
1161 538 1302 602 alterum
1339 538 1474 603 excedat

297 645 430 708 modum
452 644 575 707 iustum
600 665 638 707 ac
659 643 805 730 legitime
830 665 1028 709 concessum.
1074 643 1194 710 Carent
1219 643 1306 709 euim
1328 645 1473 710 humana

297 751 408 816 omnia
430 750 629 836 perfectione
653 754 750 834 atque
774 751 994 818 absolutione:
1018 750 1204 836 μετάβλητα
1223 755 1310 837 sunt,
1332 756 1370 816 ut
1393 774 1472 817 voce

296 858 515 943 Pythagorica
542 861 631 941 utar,
664 862 696 921 et
727 857 823 941 plane
852 853 1016 924 contraria
1048 857 1166 922 divinis
1196 856 1473 946 (ἀμεταβλήτοις),

296 986 379 1048 quae
402 987 467 1029 uon
491 964 599 1030 solum
621 964 748 1029 unitate
772 968 869 1049 atque
893 965 1152 1050 immortalitate,
1175 966 1230 1030 sed
1256 967 1323 1030 veri
1343 986 1472 1051 quoque

299 1071 516 1156 cognoscendi
541 1071 697 1137 facultate
720 1071 818 1157 longe
836 1071 1025 1138 hominibus
1044 1068 1285 1158 antecelluntl)
1323 1070 1472 1156 Denique

298 1179 440 1243 animam
464 1178 684 1244 immortalem
708 1201 779 1244 esse
803 1178 934 1263 utrique
957 1177 1097 1263 professi
1120 1182 1205 1243 sunt.
1230 1215 1271 1226 —
1299 1178 1369 1242 lam
1397 1201 1472 1244 cum

296 1286 549 1351 consideraveris
582 1283 629 1371 (id
664 1286 750 1370 quod
784 1286 934 1369 equidem
965 1285 1053 1350 haud
1085 1285 1178 1369 parvi
1210 1286 1370 1351 momenti
1400 1308 1471 1351 esse

295 1390 425 1478 censeo)
450 1393 570 1457 eisdem
593 1392 825 1458 Alcmaeonem
851 1392 1056 1476 temporibus
1086 1392 1261 1476 eodemque
1289 1393 1324 1456 in
1351 1393 1471 1476 oppido

295 1502 392 1582 atque
413 1498 642 1584 Pythagoreos
666 1499 796 1583 vixisse,
822 1499 901 1584 quin
925 1499 964 1563 ad
988 1497 1183 1564 Brontiuum
1207 1498 1414 1585 Pythagorae
1438 1503 1472 1564 et

294 1610 528 1670 assectatorcm
552 1611 584 1670 et
609 1606 740 1670 affinem
763 1602 1058 1691 (Diog.V1]142;
1081 1604 1195 1670 lambl.
1219 1628 1248 1670 v.
1271 1605 1366 1690 Pyth.
1390 1604 1471 1692 267)

294 1712 416 1777 librum
434 1734 529 1777 suum
554 1734 626 1776 eum
650 1712 792 1776 misisse:
816 1712 885 1776 sine
905 1712 1004 1776 dubio
1028 1734 1095 1778 non
1114 1713 1220 1777 solum
1239 1711 1471 1778 similitudines

293 1818 379 1883 haud
404 1841 520 1903 parvas
544 1819 630 1884 inter
649 1841 704 1885 eos
723 1818 921 1884 intercedere
942 1819 1158 1904 confiteberis,
1182 1820 1237 1884 sed
1260 1819 1359 1884 etiam
1380 1819 1469 1885 casui

295 1926 486 1992 tribuendas
509 1948 564 1991 eas
589 1948 659 1991 esse
682 1924 860 2012 negabis.²)

385 2032 447 2099 Sed
481 2032 643 2098 Sanderus
676 2031 879 2098 adversarius
911 2033 1007 2098 nobis
1040 2033 1177 2098 exsistit.
1224 2032 1335 2119 Negat
1366 2033 1469 2099 ullam

292 2142 379 2205 inter
412 2162 467 2205 cos
500 2140 698 2205 intercedere
732 2139 994 2223 similitudinem3
1030 2144 1130 2226 negat
1167 2140 1234 2217 ullo
1269 2141 1365 2207 modo
1398 2141 1471 2206 fieri

293 2247 455 2330 potuisse,
479 2250 515 2310 ut
539 2251 595 2311 aut
617 2245 818 2331 Pythagorei
840 2244 1073 2312 Alcmaeonem
1097 2250 1154 2311 aut
1173 2247 1327 2313 Alcmaeo
1350 2249 1472 2333 Pytha-

294 2374 411 2438 goreos
436 2357 635 2438 sequeretur.

382 2460 492 2545 Atque
522 2458 747 2545 Pythagoreos
776 2461 1008 2526 Alcmaeonem
1037 2464 1166 2526 secutos
1194 2483 1265 2526 esse
1295 2461 1470 2546 quominus

293 2569 462 2633 credamus
486 2589 524 2632 ea
547 2589 581 2631 re
609 2588 668 2632 nos
692 2567 842 2651 impediri
868 2565 1029 2632 Sanderus
1054 2567 1148 2651 dicit,
1176 2569 1262 2651 quod
1291 2567 1470 2634 dualismus

293 2675 349 2739 ille
369 2673 500 2761 (fragm.
514 2671 627 2760 XXII)
645 2673 843 2759 principium
863 2674 907 2739 sit
925 2674 1115 2758 disciplinae
1134 2673 1368 2759 Pythagoreas.
1407 2674 1471 2740 Sed

293 2782 417 2866 optime
439 2803 511 2845 mea
531 2781 661 2865 quidem
681 2780 843 2845 sententia
860 2778 1002 2846 Zellerus
1019 2777 1066 2865 (1⁵
1080 2781 1144 2846 359
1155 2803 1210 2865 sq,
1224 2778 1359 2867 38'lsq.)
1374 2781 1471 2846 evicit

293 2912 310 2952 e
333 2910 543 2954 numerorum
567 2887 676 2971 potius
701 2886 848 2953 doctrina
871 2887 1156 2973 Pythagoreorum
1184 2888 1314 2952 decreta
1334 2887 1469 2954 initium

293 2995 431 3060 duxisse.
478 2994 550 3070 Qua
578 2994 611 3058 in
640 2994 789 3059 doctrina
817 3017 891 3059 cum
919 2995 1134 3060 contrarietas
1163 3003 1224 3059 τοῦ
1253 3004 1408 3078 περιττοῦ
1436 3000 1470 3059 et

291 3110 352 3167 τοῦ
386 3100 501 3183 ἀρτίου
533 3102 665 3185 lateret,
697 3101 930 3166 Alcmaeonem
962 3101 1035 3165 inde
1063 3121 1273 3187 progressum
1305 3102 1470 3167 contraria

293 3209 446 3293 amplecti
470 3231 521 3274 res
545 3210 703 3274 humanas
727 3208 868 3292 primum
894 3207 1074 3273 ostendisse
1099 3207 1238 3293 cogitari
1261 3212 1378 3292 potest.

381 3315 483 3380 Porro
502 3315 734 3381 Alcmaeonem
759 3338 777 3378 a
796 3314 1015 3399 Pythagoreis
1039 3336 1098 3378 sua
1122 3314 1272 3379 didicisse
1295 3318 1470 3399 propterea

292 3421 360 3485 veri
393 3421 646 3486 dissimillimum
680 3444 749 3487 esse
784 3420 946 3486 Sanderus
978 3420 1159 3506 contendit,
1192 3421 1278 3505 quod
1305 3421 1469 3509 Pythago-

292 3551 421 3593 reorum
437 3529 600 3595 contraria
619 3529 652 3592 in
668 3529 854 3613 cognitione
870 3528 980 3612 posita
995 3528 1070 3612 sint,
1091 3528 1245 3594 Alcmaeo
1260 3550 1323 3594 usu
1337 3531 1470 3615 cognita

386 3707 411 3774 l)
430 3705 574 3759 Philolaus
598 3706 670 3774 apud
693 3703 992 3772 Stobaeuancl.121
1013 3704 1055 3759 ed.
1071 3702 1270 3758 Wachsmulh:
1290 3703 1309 3758 ol
1328 3701 1379 3774 pta
1399 3699 1468 3759 ἐστίν

292 3802 348 3849 τῶν
367 3794 538 3865 πραγμάτων
557 3794 649 3857 ἀίδιος
668 3792 734 3848 ἔσσα
757 3793 805 3847 καὶ
830 3791 903 3847 αὐτὰ
922 3791 995 3862 μόνα
1014 3791 1099 3862 φύσις
1115 3794 1185 3846 θεία
1204 3787 1263 3848 ἐντὶ
1281 3793 1328 3847 καὶ
1348 3794 1399 3848 οὐκ
1417 3794 1470 3848 ἄν·

292 3885 444 3952 θρωτίναν
464 3879 608 3954 ἐνδέχεται
626 3891 729 3954 γνῶσιν
749 3886 804 3938 κτλ.
833 3882 909 3935 Idem
929 3881 996 3937 ibid.
1015 3882 1024 3934 l
1040 3887 1087 3935 22:
1106 3879 1241 3952 aspipite
1259 3880 1294 3936 τὰ
1312 3880 1468 3954 τεταγμένα

291 3981 346 4027 τῶν
366 3972 511 4043 μετεώρων
530 3973 663 4042 γίνεσθαι
681 3970 732 4040 τὴν
752 3971 870 4040 σοφίαν,
893 3969 957 4040 περὶ
976 3969 1007 4024 δὲ
1028 3979 1082 4025 τῶν
1101 3969 1258 4041 γινομένων
1277 3970 1328 4040 τὴν
1347 3972 1468 4037 ἀταξίαν

292 4061 344 4130 τὴν
363 4060 475 4132 ἀρετήν,
494 4063 603 4115 τελείαν
622 4057 673 4130 μὲν
693 4055 814 4128 ἐκείνην,
833 4060 917 4128 ἀτελῆ
936 4057 967 4114 dt
987 4060 1101 4128 ταύτην.

380 4153 407 4220 2)
431 4149 530 4206 Semen
553 4149 743 4220 Pythagoram
768 4165 880 4218 quoque
905 4148 1012 4203 stillam
1037 4149 1144 4204 cerebri
1173 4150 1347 4205 existimasse
1371 4151 1470 4205 narrat

290 4241 371 4311 Diog.
384 4239 447 4294 Vlll
458 4245 503 4305 28;
521 4241 552 4293 at
566 4237 710 4309 sanguinis
726 4256 853 4307 spumam
868 4237 936 4293 Dor.
947 4244 999 4292 417
1015 4254 1032 4291 a
1047 4246 1071 4294 6.
1100 4239 1230 4294 Feminea
1246 4255 1357 4308 quoque
1372 4255 1468 4294 semen

291 4329 433 4384 effundere
449 4327 559 4383 Samius
575 4326 703 4382 docuisse
716 4327 807 4386 fertur
822 4327 890 4382 Dor.
906 4331 958 4380 418
973 4342 990 4379 a
1004 4333 1029 4396 ο,
1048 4325 1294 4397 principatumque
1308 4325 1338 4381 in
1353 4327 1468 4382 cerebro

290 4422 415 4488 posuisse
440 4418 543 4473 dicitur
566 4419 634 4474 Dor.
654 4424 706 4472 207
726 4418 797 4472 med.
836 4417 942 4471 Tamen
966 4418 1120 4472 cavendum
1145 4420 1189 4472 est
1211 4435 1247 4473 ne
1271 4416 1383 4488 singula
1405 4435 1467 4487 pre·

291 4525 408 4576 mamus,
427 4507 531 4578 quippe
551 4525 623 4578 quaa
643 4525 708 4563 vere
728 4508 906 4576 Pythagorea
924 4505 1022 4562 haberi
1041 4523 1097 4562 non
1117 4506 1235 4577 possint.
