3358 5132
721 353 917 416 -5-

232 531 271 573 ex
295 509 474 575 Aristotele
498 511 631 576 fluxisse
654 509 784 598 dicat.¹)
830 512 883 576 An
913 513 979 577 veri
1009 512 1148 577 similius
1175 512 1410 600 Neopythago-

232 637 361 680 reorum
395 617 553 702 aliquem,
587 639 660 684 oum
693 641 769 684 suae
801 624 907 684 sectae
937 620 1169 684 Alcmaeonem
1202 623 1409 686 annumerari

231 722 345 806 vellet,
374 722 583 810 Pythagorae
617 747 687 789 eum
723 724 823 789 fuisse
857 727 1026 811 aequalem
1054 726 1161 791 verbis
1190 727 1408 792 Aristotelicis

231 827 416 894 addidisse?
449 831 494 894 At
514 830 646 896 minime
671 831 805 896 dubium
830 833 908 915 quin
932 833 1008 897 talis
1031 833 1131 896 homo
1155 855 1222 898 non
1240 835 1408 919 aequalem

231 957 342 1001 verum
363 935 556 1020 discipulum
572 936 779 1024 Pythagorae
797 937 1023 1004 Crotoniatam
1042 940 1144 1005 fuisse
1163 941 1408 1025 praedicaverit,

232 1043 282 1108 cui
306 1043 353 1107 rei
377 1043 481 1127 ipsius
504 1044 677 1111 Iambliohi
703 1047 800 1110 verba
824 1046 1014 1111 testimonio
1038 1052 1125 1112 sunt.
1170 1047 1285 1132 Itaque
1308 1049 1409 1112 verba

230 1149 288 1213 illa
311 1149 525 1216 Aristotelica
548 1150 900 1238 Neopythagoreorum
927 1156 1070 1217 aetatem
1099 1152 1168 1218 sine
1193 1153 1292 1219 dubio
1316 1162 1407 1219 ante-

231 1257 355 1321 cedunt.
393 1255 463 1321 Iam
486 1259 616 1324 etiamsi
641 1259 714 1343 quis
729 1258 959 1342 Alexandreae,
983 1260 1039 1324 ubi
1058 1261 1179 1325 multas
1200 1264 1232 1324 et
1252 1259 1407 1345 gravissi-

232 1385 302 1427 mas
318 1365 463 1430 maculas
482 1365 587 1429 textui
604 1365 815 1430 Aristotelioo
836 1387 982 1450 aspersas
1002 1387 1072 1430 esse
1092 1369 1230 1451 constat,
1250 1388 1269 1430 a
1287 1366 1407 1431 lectore

234 1471 375 1553 quodam
404 1471 516 1535 sedulo
545 1476 715 1556 annotata,
747 1477 863 1557 postea
890 1472 925 1535 in
953 1475 1080 1537 textum
1108 1478 1239 1557 recepta
1267 1495 1305 1537 ea
1337 1495 1407 1539 esse

231 1577 385 1662 coniciat,
411 1577 498 1642 idem
525 1577 587 1643 hoc
615 1582 701 1643 certe
730 1579 885 1644 concedat
912 1601 1043 1644 necesse
1067 1584 1132 1663 est,
1160 1581 1406 1645 annotationem

124 1717 127 1726 ·
231 1683 322 1748 illam
340 1706 406 1748 non
425 1683 687 1768 antiquissimam
706 1684 823 1764 solum,
847 1687 903 1750 sed
922 1685 1022 1749 etiam
1040 1686 1103 1750 fide
1121 1707 1255 1771 prorsus
1274 1688 1407 1772 dignam

230 1811 308 1873 esse,
333 1811 406 1855 eum
425 1790 653 1856 Alexandrinis
678 1792 902 1876 grammaticis
926 1791 998 1876 ipso
1018 1792 1227 1858 Alcmaeonis
1247 1793 1332 1857 libro
1356 1795 1406 1857 uti

230 1896 409 1962 etiamtunc
435 1897 565 1963 licuerit
588 1895 642 1984 (of.
662 1920 736 1983 pag.
756 1898 822 1983 33).

317 2003 372 2083 At,
390 2003 543 2088 inquiunt
562 2005 628 2089 isti,
646 2005 827 2090 negligitur
845 2005 926 2069 illud
946 2006 1152 2070 enuntiatum
1170 2005 1406 2091 interpretibus

229 2111 388 2195 antiquis!
421 2109 589 2176 Habemus
608 2112 672 2176 duo
696 2113 731 2176 in
753 2113 840 2178 hunc
859 2111 1159 2197 metaphysieorum
1178 2112 1298 2177 librum
1319 2135 1406 2178 eom-

229 2217 396 2301 montana,
407 2217 474 2282 scil.
484 2217 673 2303 Asclepium
684 2223 717 2282 et
727 2218 958 2283 Alexandrum.
992 2216 1077 2294 Quid
1092 2219 1286 2303 Asclepius?
1305 2217 1406 2285 Ἱστο-

227 2334 280 2408 ρεῑ
292 2321 329 2388 dl
339 2325 396 2406 (sc.
408 2323 617 2407 Aristoteles)
631 2326 681 2389 ότι
691 2322 938 2410 καλἈλκμαίυν
953 2325 1217 2411 όΚροτωνιάτης
1230 2327 1289 2391 τὸν
1304 2326 1406 2391 αὐτὸν

225 2434 350 2512 τρόπον
368 2432 498 2507 τούτοις
517 2430 721 2516 ἀπεφήνατο·
740 2434 788 2508 εἰς
803 2433 865 2515 γὰρ
885 2432 1081 2496 ἐναντίωσίν
1095 2455 1170 2496 τινα
1185 2432 1323 2498 ἕκαστον
1338 2445 1404 2498 τῶν

227 2539 335 2601 ὄντων
358 2536 496 2619 ἀνάγειν
520 2537 672 2619 ἐπειρᾶτο
695 2537 750 2602 καὶ
774 2534 871 2614 οὗτος
894 2539 939 2614 ὡς
957 2538 1068 2623 ἀρχῶν
1088 2538 1200 2604 οὐσῶν
1224 2550 1291 2604 τῶν
1311 2538 1405 2604 ἐναν-

225 2645 382 2708 τιώσεων.
418 2642 473 2709 καὶ
496 2644 516 2728 ἣ
541 2639 638 2721 οὗτος
661 2646 749 2728 παρὰ
767 2655 834 2728 τῶν
853 2649 1100 2730 Πυθαγορείων
1121 2642 1309 2729 παρέλαβεν
1331 2644 1352 2728 ἣ
1374 2647 1410 2710 ol

225 2754 457 2833 Πυθαγόρειοι
476 2751 565 2836 παρὰ
583 2753 717 2817 τούτου·
741 2750 805 2816 καὶ
828 2753 900 2837 γὰρ
918 2751 1135 2834 κατέλαβεν
1154 2750 1171 2815 ὁ
1188 2750 1405 2835 Ἀλκμαίων

224 2856 391 2942 γέροντα
414 2860 482 2923 τὸν
505 2861 751 2942 Πυθαγόραν
776 2864 843 2924 κτλ.
872 2856 962 2945 (pag.
987 2859 1039 2942 39,
1059 2859 1099 2922 21
1125 2856 1312 2945 Hayduck).
1359 2859 1389 2922 A

223 2964 396 3043 neminem,
408 2964 532 3048 opinor,
548 2965 604 3049 qui
615 2966 790 3029 Alexandri
804 2965 1011 3050 Asclepiique
1026 2966 1278 3030 commentarios
1292 2965 1404 3048 paullo

224 3071 415 3156 diligentius
436 3073 628 3136 tractaverit
649 3071 754 3156 fugiet
773 3077 810 3136 ut
829 3072 870 3136 ab
884 3071 1071 3136 Alexandro
1090 3071 1212 3137 codicis
1233 3068 1277 3135 Ab
1294 3071 1344 3135 ita
1363 3073 1404 3136 ab

228 3177 381 3262 Asclepio
406 3178 526 3243 codicis
545 3179 574 3242 El
594 3179 750 3244 lectiones
768 3201 835 3243 non
854 3200 991 3262 semper,
1015 3179 1205 3263 saepissime
1225 3182 1335 3242 tamen
1353 3179 1406 3241 ad-

225 3285 345 3366 hiberi,
375 3286 407 3349 id
436 3287 522 3370 quod
550 3285 603 3350 hio
632 3307 760 3370 quoque
789 3285 912 3350 factum
941 3306 1011 3350 esse
1039 3286 1113 3350 inde
1142 3288 1286 3366 constat,
1317 3286 1404 3369 quod
1481 3334 1486 3340 .

226 3392 337 3475 paullo
365 3396 442 3476 post
470 3389 558 3478 (pag.
584 3393 674 3458 936a
693 3389 751 3478 34)
779 3389 862 3475 μέγα
890 3395 1010 3476 μικρόν
1037 3392 1222 3456 Alexander
1250 3413 1323 3456 cum
1351 3389 1406 3475 Ab,

226 3501 345 3585 μικρὸν
373 3497 455 3582 μέγα
478 3497 651 3582 Asclepius
680 3520 753 3564 cum
778 3499 806 3562 Ε
830 3501 974 3583 praebet.
1020 3497 1127 3575 Quid?
1172 3497 1245 3563 Hoc
1273 3497 1302 3562 si
1329 3519 1405 3561 con-

226 3612 308 3691 stat,
335 3627 441 3670 nonne
465 3605 642 3670 Alexandri
671 3627 799 3688 quoque
828 3606 960 3670 silentio
992 3626 1121 3671 omnem
1150 3603 1216 3669 vim
1244 3604 1405 3688 probandi

226 3717 389 3778 exsectam
409 3734 479 3776 esse
500 3711 611 3776 vides?
648 3710 803 3776 (letarum
818 3712 1002 3777 Alexander
1021 3736 1088 3777 non
1111 3712 1139 3774 is
1160 3715 1211 3775 est
1234 3711 1290 3794 qui
1310 3710 1404 3774 scho-

225 3820 341 3883 lastico
364 3841 454 3883 more
473 3817 665 3884 Aristotelis
689 3819 789 3883 verba
812 3818 915 3903 digito
940 3823 1105 3904 sequatur,
1129 3817 1184 3881 sed
1207 3838 1279 3881 cum
1299 3814 1404 3901 philo-

226 3925 343 4010 sophia
360 3925 454 3989 unice
473 3925 503 3989 ei
522 3925 611 3990 cordi
631 3925 683 4009 sit,
708 3947 760 3990 res
779 3925 953 3990 historicas
972 3925 1167 4009 praesertim
1185 3928 1253 3987 tam
1273 3925 1403 4007 apertas

226 4031 462 4116 intelligentiae
482 4032 641 4096 auditoris
662 4032 710 4097 vel
728 4032 858 4097 lectoris
880 4034 1084 4097 committere
1100 4032 1195 4095 solet.
1231 4029 1405 4093 Praeterea

227 4140 325 4203 verba
348 4138 405 4202 illa
423 4139 644 4204 Alexandrum
663 4160 729 4204 non
744 4139 864 4224 legisse
884 4144 921 4204 ut
940 4162 978 4203 ex
999 4140 1070 4223 ipso
1092 4138 1161 4201 eius
1181 4136 1254 4200 loco
1275 4136 1404 4198 demon-

317 4387 341 4448 ι)
361 4384 421 4450 Quo
445 4400 478 4437 ox
502 4384 581 4438 fonte
605 4383 749 4440 Laertium
773 4401 884 4452 quoque
908 4382 1062 4452 Diogenem
1087 4379 1164 4450 (VIII
1185 4385 1219 4434 83
1248 4379 1297 4434 καλ
1324 4375 1406 4444 οὗτος

224 4469 399 4542 Πυθαγόρου
419 4472 564 4540 διήκουσε)
583 4489 634 4528 sua
654 4474 782 4528 hausisse
802 4470 991 4527 indicaverim.
