3358 5132
738 368 979 432 -102-

363 529 413 594 Nc
433 552 452 594 a
470 528 695 594 Democriio
721 526 850 614 quidem
873 526 978 592 aliona
998 530 1074 592 suni
1092 525 1299 592 Alcmeonis
1318 527 1450 610 placita.

273 637 406 702 Etenim
429 637 485 700 ille
513 637 666 720 quopiam
697 635 793 702 modo
822 633 912 721 (nam
935 657 986 700 res
1009 657 1076 700 non
1099 632 1180 700 satis
1205 631 1392 721 perspicua)
1415 634 1450 698 in

274 744 407 808 cerebro
436 743 562 808 animae
591 742 699 807 sedem
727 764 798 807 esse
826 742 956 826 putavit
984 740 1028 824 (ei
1051 740 1255 808 Theodoreco
1283 741 1363 806 fides
1389 747 1449 826 est,

274 849 312 915 cf.
336 849 417 915 Dox.
437 850 500 916 391
526 873 546 914 a
569 851 589 915 3
618 853 651 914 ei
678 848 804 935 notas),
831 849 901 933 ipsc
930 852 1115 915 atomorum
1143 847 1310 914 doctrinae
1337 853 1447 933 aperie

272 957 471 1022 adversatus.
504 955 595 1033 Quod
611 955 807 1042 cognitionis
823 955 981 1022 facultate
1002 955 1164 1039 sapientes
1179 953 1305 1038 bestiis,
1324 954 1450 1039 sapien·

271 1062 361 1128 cibus
384 1065 461 1129 deos
489 1064 587 1149 longe
609 1067 777 1148 praestare
801 1064 886 1146 vult,
913 1063 1015 1130 habes
1044 1062 1216 1130 coniuncta
1240 1061 1447 1130 Alcmaeonio

272 1169 457 1256 fragmenia
479 1169 496 1234 Ι
519 1174 552 1236 ci
574 1170 616 1235 ΙΙ.
661 1169 701 1234 In
729 1170 775 1236 eis
805 1193 886 1255 quae
917 1170 956 1237 ad
980 1168 1173 1236 medicinam
1197 1171 1346 1253 speciant
1373 1191 1447 1235 con·

271 1279 393 1364 gruunt
414 1278 452 1341 dc
471 1276 602 1362 semine,
621 1277 707 1361 quod
726 1299 831 1341 marea
856 1300 922 1342 non
940 1277 1046 1363 magia
1071 1298 1167 1361 quam
1186 1275 1324 1340 feminas
1344 1276 1445 1342 effun-

271 1385 345 1448 dere
382 1405 573 1468 persuacum
609 1384 739 1450 habent.
769 1383 964 1450 'Praeberoa
996 1386 1035 1450 de
1072 1384 1233 1449 mularum
1270 1383 1446 1449 sterilitate

271 1491 440 1576 opiniones
468 1489 637 1574 proferunt
660 1490 845 1558 simillimas
875 1489 962 1576 (pag.
983 1491 1048 1556 226
1072 1487 1240 1578 Mullach).
1287 1489 1447 1556 Gravissi-

272 1619 361 1661 mum
385 1601 494 1661 auiem
517 1600 581 1681 can,
604 1598 689 1681 quod
712 1598 810 1662 eiiam
837 1598 1057 1663 conclamaiae
1080 1596 1168 1662 illius
1193 1598 1232 1662 de
1255 1598 1344 1680 poris
1369 1599 1444 1664 doc-

272 1703 391 1788 trinae,
422 1726 518 1787 quam
548 1703 756 1770 Democritus
784 1725 842 1769 nec
870 1726 936 1768 non
964 1705 1177 1789 Empedoclea
1206 1701 1258 1790 (de
1287 1726 1351 1788 quo
1378 1704 1445 1770 iam

269 1808 501 1893 Philippsonus
522 1814 633 1875 monet
641 1807 725 1895 “maa
746 1808 896 1895 ἀνθρωπ.
915 1831 989 1895 pag.
1004 1808 1062 1897 21)
1082 1811 1302 1898 excoluerunt,
1320 1811 1444 1878 semina

270 1938 306 1981 ac
329 1915 540 1982 fundamenta
563 1921 674 2000 aperte
697 1918 802 1983 latent
824 1918 859 1982 in
881 1917 971 2001 poris
993 1915 1265 1999 Alcmaeonianis,
1290 1917 1443 2002 quoniam

269 2044 287 2086 e
315 2044 468 2087 sensuum
496 2022 586 2106 poris
614 2023 795 2107 profectam
825 2046 897 2088 eam
925 2045 995 2088 esse
1023 2023 1095 2108 ipsa
1122 2046 1173 2090 res
1201 2026 1304 2091 docet.
1350 2022 1443 2100 Quod

270 2151 345 2194 vero
373 2129 407 2193 in
430 2128 537 2194 foebus
561 2132 678 2194 natura
706 2130 909 2216 depingenda
937 2131 1093 2216 spongiae
1121 2132 1263 2218 imagine
1291 2153 1369 2197 usus
1393 2135 1444 2196 est

270 2233 476 2320 Crotoniaia‚
506 2236 680 2301 manifesta
706 2236 866 2303 habemus
893 2238 989 2304 inicia
1016 2239 1181 2314 doctrinae
1209 2238 1298 2304 illius
1327 2236 1442 2304 atomi·

269 2340 378 2406 eticae.
