3358 5132
683 345 727 354 -
777 299 906 372 15·-

231 470 284 535 28.
317 467 426 534 Genus
451 467 546 533 Arati
569 468 694 554 (Biogr.
719 469 776 552 56,
799 466 851 555 5)ε
878 467 915 534 ἐν
943 479 1013 544 τοῖς
1040 471 1176 553 χρόνοις
1204 463 1234 534 d’
1261 468 1392 553 ἐγένετο

314 576 395 640 κατὰ
420 576 635 660 Φιλάδελφον
657 577 717 640 τὸν
740 573 886 660 βασιλέα.

299 700 397 764 Vides
420 701 524 785 igitur
546 721 660 763 vocem
680 697 810 781 ἐγένετο
830 700 933 763 multo
954 699 1085 783 saepius
1105 699 1192 764 idem
1216 701 1280 765 sibi
1304 703 1387 766 velle

209 808 295 892 quod
317 802 360 890 ἦν
383 805 494 892 (vixit)
522 829 620 890 quam
649 807 735 889 quod
764 806 929 890 ἐγεννήθη
959 796 1172 892 (natusest).
1218 809 1268 872 Ac
1290 810 1391 874 rerba

209 914 266 979 illa
296 913 512 978 Aristotelica
547 936 588 978 ne
625 918 791 977 vertamus
830 912 943 978 ‘natus
982 916 1033 978 est
1065 912 1259 999 Pythagora
1296 915 1389 980 sene'

209 1025 320 1086 monet
356 1021 457 1086 etiam
494 1021 580 1104 quod
613 1019 742 1085 additur
778 1021 838 1103 τὴν
870 1020 1010 1103 ἡλικίαν.
1060 1019 1147 1096 Quid
1179 1021 1266 1085 enim
1303 1026 1390 1086 esset

208 1127 371 1211 ἐγεννήθη
400 1129 460 1211 τὴν
484 1126 638 1209 dicutur?
675 1125 768 1202 Quod
797 1126 947 1211 equidem
974 1148 1080 1211 neque
1103 1127 1254 1213 intelligo
1284 1149 1388 1211 neque

208 1256 346 1318 usquam
374 1255 425 1297 me
452 1234 561 1319 legere
590 1234 732 1298 memini.
779 1233 876 1299 Dicat
905 1234 1069 1318 quispiam
1098 1233 1290 1298 vertendum
1317 1255 1387 1298 esse

208 1341 301 1404 Deua
323 1361 389 1406 was
410 1342 477 1405 seia
500 1341 648 1406 Zeitolter
670 1342 814 1424 αολαιιςό,
841 1361 874 1405 so
901 1341 1007 1404 warde
1029 1361 1063 1404 er
1081 1340 1211 1423 patareo
1235 1344 1295 1406 etc.
1343 1341 1388 1404 At

208 1452 294 1512 certe
318 1448 524 1513 scribendum
547 1451 619 1512 erat
643 1452 770 1513 mutato
796 1447 907 1512 ordine
931 1449 992 1531 τὴν
1015 1445 1148 1530 ἡλικίαν
1179 1444 1232 1511 ἐπὶ
1255 1444 1387 1531 γέροντι

209 1557 397 1641 Πυθαγόρᾳ
416 1551 601 1638 Ἀλκμαίων
625 1552 772 1639 ἐγένετο,
800 1555 849 1619 ita
879 1559 916 1619 ut
940 1554 1046 1619 omnis
1070 1554 1252 1618 sententiae
1276 1553 1326 1618 ris
1354 1554 1389 1617 in

208 1660 316 1725 verbis
343 1662 405 1744 τὴν
427 1660 560 1743 ἡλικίαν
588 1662 697 1745 posita
721 1665 815 1727 esset.
823 1659 849 1748 ¹)
896 1662 1001 1727 immo
1030 1683 1126 1726 voces
1154 1663 1216 1745 τὴν
1238 1661 1290 1744 ἡλ.
1315 1683 1387 1725 cum

207 1765 338 1849 ἐγένετο
367 1767 531 1832 artissime
555 1791 625 1833 esse
654 1767 833 1855 iungendos
861 1769 932 1853 ipse
961 1791 1025 1854 quo
1054 1769 1173 1834 cadunt
1201 1769 1302 1832 verba
1329 1768 1387 1832 illa

206 1895 361 1938 numerus
398 1873 501 1940 docet.
547 1873 687 1939 Proinde
722 1879 888 1940 vertamus
922 1875 1050 1940 ‘vixitz
1087 1876 1154 1940 iam
1187 1875 1234 1939 nil
1266 1876 1386 1941 babere

208 1981 396 2045 offensionis
418 1981 500 2045 illud
523 1981 584 2063 τὴν
607 1980 740 2063 ἡλικίαν
766 1983 805 2045 ut
828 1981 933 2046 discas
954 1980 1173 2065 comparanda
1191 1985 1269 2045 sunt
1292 1981 1386 2046 haec:

297 2105 408 2192 Biogr.
428 2129 458 2189 p.
480 2104 815 2190 161,19Westerm.:
838 2108 972 2192 χρόνοις
989 2102 1106 2189 γέγονε
1126 2102 1209 2191 (scil.
1228 2104 1386 2190 Epichar-

369 2208 457 2298 mus)
479 2211 562 2276 κατὰ
585 2212 647 2295 τὴν
671 2208 724 2294 ον’
749 2211 947 2296 ὀλυμπιάδα.

297 2335 380 2400 Ibid.
401 2337 475 2419 166,
492 2337 550 2400 44:
575 2335 718 2401 Πλάτων
741 2338 887 2420 γεγονὼς
910 2349 980 2414 τοῖς
1001 2339 1135 2422 χρόνοις
1153 2333 1223 2402 κατ’
1243 2335 1387 2422 Ἀριστο-

370 2443 506 2528 φάνην.

297 2549 378 2614 Ibid.
398 2551 471 2634 184,
487 2551 565 2614 321:
586 2561 656 2627 τοῖς
673 2553 807 2634 χρόνοις
825 2546 868 2634 ἦν
887 2549 971 2634 (scil.
991 2548 1134 2635 Sophro)
1152 2551 1233 2615 κατὰ
1253 2547 1388 2633 Ξέρξην.

297 2675 482 2759 Ibidaoo,
503 2678 535 2738 1:
564 2677 760 2759 Θεόπομπος
787 2676 934 2759 γεγονὼς
961 2686 1031 2751 τοῖς
1057 2677 1191 2759 χρόνοις
1218 2675 1299 2740 κατὰ
1328 2675 1389 2757 τὴν

369 2780 531 2868 ἀναρχίαν
552 2779 748 2866 Ἀθηναίων.

208 2911 243 2970 et
265 2928 304 2984 ex
328 2907 375 2971 eis
399 2928 481 2991 quos
505 2928 604 2990 supra
627 2907 751 2971 contuli
773 2907 837 2971 loci
860 2908 899 2970 de
923 2906 1069 2972 Homero
1093 2905 1138 2991 (4,
1160 2908 1190 2992 5,
1212 2906 1262 2994 6),
1286 2905 1388 2971 Choe-

208 3012 271 3078 rilo
294 3011 376 3100 (22),
401 3012 568 3079 Nicandro
592 3009 675 3100 (27),
697 3012 801 3078 Arato
825 3010 909 3100 (28).

297 3134 404 3211 Quid?
441 3136 597 3202 Vitamne
622 3137 777 3202 Alcmaeo
800 3136 993 3222 Pythagora
1019 3159 1095 3203 seue
1119 3138 1232 3223 degit?
1270 3136 1387 3201 Nonne

207 3243 386 3308 artioribus
418 3244 539 3308 finibus
575 3244 822 3328 circumscripta
854 3265 924 3309 esse
956 3244 1109 3310 videtur?
1156 3243 1279 3309 Tamen
1311 3265 1388 3307 cave

207 3353 317 3414 vertas
341 3349 495 3416 ‘floruit’.
541 3349 629 3414 Nam
652 3351 741 3416 vocis
765 3349 896 3433 ἐγένετο
919 3352 1013 3417 notio
1043 3352 1148 3416 multo
1174 3351 1274 3415 latius
1297 3353 1391 3434 patet

209 3479 307 3541 quam
325 3457 452 3540 ἤκμασε
474 3479 579 3542 neque
598 3479 743 3542 unquam
763 3457 888 3542 siquid
907 3459 1014 3523 sentio
1033 3459 1141 3543 ipsam
1160 3457 1268 3543 ἀκμὴν
1288 3455 1391 3540 signi-

209 3564 296 3648 ficat,
322 3564 476 3649 quoniam
501 3586 582 3648 quae
607 3565 647 3628 ad
671 3568 857 3650 temporum
881 3566 1045 3630 rationem
1069 3564 1315 3630 describendam
1340 3561 1392 3625 ad-

209 3671 331 3735 duntur
354 3692 449 3735 voces
474 3693 602 3756 semper
621 3672 776 3736 maiorem
797 3693 958 3736 annornm
978 3673 1096 3738 seriem
1120 3672 1392 3756 complectuntur,

209 3799 308 3860 quam
336 3781 374 3842 ut
400 3777 439 3841 de
467 3800 532 3843 uno
556 3779 614 3842 illo
639 3777 756 3842 aetatis
781 3780 885 3864 gradu
913 3780 1018 3844 dictas
1045 3800 1100 3844 aas
1133 3800 1202 3842 esse
1230 3781 1392 3863 putemus.

208 3884 315 3948 Immo
343 3881 503 3966 γενέσθαι
530 3885 612 3949 κατά
641 3909 717 3950 τινα
744 3889 795 3950 est
818 3884 1006 3970 ‘aequalem
1029 3885 1117 3951 esse'
1143 3885 1210 3950 sive
1235 3884 1393 3947 maiorem

209 3989 277 4055 sive
297 3990 466 4076 minorem,
489 3992 538 4055 ita
556 3991 665 4057 uthis
683 3991 792 4056 verbis
816 3992 916 4057 etiam
935 3994 1087 4059 iuvenem
1112 4014 1186 4056 curn
1206 4012 1281 4056 sene
1304 4009 1392 4053 com-

207 4118 329 4182 ponere
361 4098 460 4163 liceat
491 4096 546 4184 (cf.
575 4099 664 4164 locos
693 4099 732 4164 de
760 4098 948 4183 Thucydide
977 4097 1051 4186 [13]
1081 4104 1115 4164 et
1142 4097 1267 4162 Beroso
1296 4091 1396 4180 [20]).

208 4203 323 4289 Neque
356 4209 467 4270 tamen
500 4205 568 4270 scio
602 4228 643 4270 an
675 4210 762 4272 recte
791 4205 955 4273 Dielesius
990 4205 1132 4272 senserit
1164 4203 1219 4288 qui
1252 4202 1394 4266 fortasse

302 4437 328 4504 ι)
348 4434 693 4504 ax.gr,saus.s,10‚a=
713 4434 825 4505 saraa
845 4432 876 4490 ει
896 4434 911 4490 ι
931 4435 1022 4504 sagae
1041 4431 1106 4490 aar
1121 4431 1277 4502 ἰιιιιιηι
1390 4415 1392 4420 ’
