3358 5132
685 341 906 408 ..53-

205 503 333 570 aurium
355 524 484 588 qnoque
504 505 630 568 meatus
649 504 762 569 eodem
781 508 949 588 porrectos
973 505 1014 570 ad
1033 505 1201 572 cerebrum
1220 507 1382 593 pertinere

204 609 377 698 collegisse
400 609 538 676 videtur.

293 735 387 802 Unus
406 741 510 802 restat
529 737 699 822 serupulus
723 736 762 803 de
781 735 912 824 linguae
931 759 1021 822 poro.
1058 737 1290 825 Philippsonus
1312 739 1346 829 (l.
1361 742 1381 806 l.

204 866 278 931 pag.
299 841 358 931 21)
383 864 420 908 os
444 843 610 929 intelligit.
646 842 753 908 Multo
777 847 889 910 tamen
907 845 975 910 veri
994 843 1134 912 similius
1153 844 1234 911 mihi
1253 847 1383 914 videtur

203 951 435 1018 Alcmaeonem
449 952 576 1016 nullum
595 951 649 1018 hic
665 973 784 1036 porum
801 951 932 1037 vidisse,
950 953 1006 1017 sed
1025 973 1107 1037 qnae
1126 953 1165 1018 de
1180 955 1296 1020 ceteris
1312 977 1382 1020 sen·

203 1059 293 1126 sibus
307 1059 486 1144 invenerat,
504 1059 544 1124 de
560 1062 661 1145 gustu
680 1079 808 1144 qnoque
827 1059 1092 1144 praesumpsisse.
1119 1059 1173 1126 Ita
1192 1062 1380 1147 saepissime

202 1190 267 1234 non
294 1189 421 1252 verum,
449 1167 505 1232 sed
533 1166 620 1251 quod
647 1166 689 1230 ab
712 1166 808 1231 initio
833 1170 1033 1252 statuerunt,
1058 1168 1218 1252 probatur
1245 1171 1379 1236 medicis

203 1274 347 1360 antiquis
366 1273 452 1360 (Gal.
467 1271 499 1338 V
514 1274 578 1339 207
593 1270 661 1360 K.):
684 1273 792 1340 πολλὰ
815 1273 879 1359 γὰρ
903 1273 945 1356 δὴ
968 1282 1104 1340 τοιαῦτα
1126 1272 1182 1340 καλ
1204 1277 1293 1362 παρὰ
1311 1289 1381 1355 τοῖς

203 1383 327 1468 ἰατροῖς
350 1383 441 1448 ἔστιν
462 1379 575 1466 εὑρεῖν
598 1379 781 1464 ἀνατομιτιά
804 1383 1005 1465 θεωρήματα
1031 1387 1211 1468 μοχθηρῶς
1237 1405 1379 1470 γεγραμ-

201 1485 285 1573 μένα
307 1489 351 1573 μὴ
375 1485 615 1572 βουληθέντων
638 1486 748 1552 αὐτῶν
771 1485 947 1572 ἀναμεῖναι
973 1489 1010 1552 τὸ
1033 1490 1240 1573 φαινόμενον
1263 1489 1298 1555 ἐκ
1321 1501 1379 1576 τῆς

201 1593 378 1680 ἀνατομῆς,
401 1591 472 1659 ἀλλ’
496 1592 529 1672 ἐξ
553 1592 755 1671 ἀκολουθίας
777 1591 839 1678 μέν
860 1616 953 1670 τινος
976 1593 1181 1660 ἐλπισάντων
1206 1597 1252 1674 ὡς
1275 1595 1378 1684 ἑωρα-

203 1705 318 1768 κότων.
364 1701 501 1768 Accedit
525 1701 611 1785 quod
634 1700 847 1786 Aristotelea,
873 1696 947 1767 cum
969 1700 1076 1767 facere
1100 1724 1171 1769 sese
1193 1726 1261 1768 non
1283 1727 1379 1790 posse

202 1808 415 1896 intelligeret,
443 1809 522 1893 quin
545 1807 662 1873 miram
687 1829 779 1874 snam
803 1809 842 1874 de
866 1809 962 1873 corde
986 1830 1140 1875 sensuum
1163 1810 1288 1897 origine
1312 1812 1379 1898 opi·

200 1917 333 1982 nionem
363 1916 400 1980 in
431 1915 492 2001 eis,
527 1935 610 1999 quae
642 1915 682 1979 de
714 1914 831 1999 oculis,
864 1915 1011 1999 auribus,
1044 1917 1177 1983 naribus
1209 1919 1379 2006 proferret,

203 2022 351 2108 quamvis
384 2023 502 2088 durum
535 2021 570 2086 in
603 2021 736 2086 modum
768 2021 900 2105 placitis
932 2020 1196 2090 Alcmaeonianis
1233 2048 1379 2093 accomo-

200 2128 340 2217 daret¹),
369 2127 580 2196 Crotoniatae
603 2129 643 2193 de
666 2133 784 2215 gustus
806 2129 897 2213 pon's
921 2130 1118 2195 sententiam
1142 2132 1222 2198 adeo
1246 2135 1379 2221 sprevit,

200 2242 239 2304 nt
257 2259 350 2303 suam
367 2238 478 2323 potius
498 2235 682 2302 doctrinam
701 2259 718 2302 e
738 2240 855 2321 gustus
874 2235 1001 2301 ratione
1020 2237 1165 2304 efficeret
1181 2236 1238 2326 (de
1256 2242 1377 2308 invent.

201 2367 226 2411 c.
251 2348 272 2412 3
299 2365 372 2431 pag.
396 2345 462 2410 469
486 2367 506 2408 a
531 2339 601 2430 12):
634 2343 696 2409 δύο
728 2344 903 2428 αἰσθήσεις
935 2355 1088 2431 φανερῶς
1115 2345 1263 2414 ἐνταῦθα
1293 2347 1377 2438 (scil.

200 2455 248 2530 εἰς
270 2453 331 2536 τὴν
354 2450 510 2541 καρδίαν)
534 2451 773 2528 συντεινούσας
796 2451 937 2536 ὁρῶμεν,
960 2453 1021 2535 τήν
1042 2475 1077 2518 τε
1100 2464 1215 2537 γεῦσιν
1237 2454 1294 2522 καὶ
1316 2457 1378 2540 τὴν

199 2558 306 2644 ἁφήν,
334 2559 429 2624 ὥστε
456 2557 521 2625 ael
548 2559 616 2636 τὰς
642 2559 762 2635 ἀλλοις
789 2557 1016 2643 ἀναγκαῖον.
1061 2559 1131 2626 Nec
1154 2583 1247 2628 secus
1270 2563 1377 2650 Plato,

200 2667 256 2752 qui
283 2670 371 2732 certe
404 2663 577 2753 aurium¹)‚
611 2665 751 2731 fortasse
784 2666 885 2731 etiam
915 2666 1044 2732 narium
1074 2671 1173 2752 atque
1206 2671 1376 2738 oculorum

199 2795 296 2859 poros
324 2796 341 2838 e
370 2775 502 2839 cerebro
530 2773 669 2859 pendere
698 2772 848 2858 credidit,
876 2774 1008 2860 linguae
1036 2775 1232 2842 canaliculas
1261 2779 1376 2845 statim

200 2879 252 2946 ἐπὶ
274 2881 336 2964 τὴν
358 2882 500 2968 καρδίαν
522 2878 699 2965 τεταμένας
722 2901 793 2946 esse
816 2878 956 2970 docetl)

288 3005 400 3092 Longe
424 3005 520 3073 aliter
541 3005 776 3092 Philippsonus
804 3007 843 3101 de
866 3007 955 3092 poris
979 3007 1110 3074 iudicat.
1157 3007 1219 3085 Qui
1243 3032 1318 3077 cum
1342 3015 1375 3076 et

201 3113 430 3180 Alcmaeonem
450 3116 483 3179 et
497 3113 712 3179 Aristotelem
731 3114 899 3179 oculorum
918 3135 1035 3180 nervos
1055 3116 1205 3201 cognitos
1219 3117 1374 3184 habuisse

197 3225 304 3308 neget,
322 3221 420 3306 ‘apud
439 3220 683 3286 Alcmaeonem'
701 3221 809 3306 inquit
827 3220 941 3306 ‘nocco
961 3222 1130 3288 oculorum
1149 3245 1189 3288 ex
1208 3223 1372 3290 meatibus

198 3329 383 3414 auditoriis,
410 3325 550 3394 olfactus
579 3331 613 3392 et
641 3329 758 3413 gustus
787 3324 832 3414 (h.
852 3350 878 3392 e.
903 3326 973 3415 ore)
1001 3329 1198 3415 comparatis
1227 3331 1373 3396 evenisse

197 3494 274 3501 —---
300 3493 408 3501 -———-

196 3597 319 3650 mortuos
338 3593 531 3650 condiantibus
551 3591 651 3666 στολιῷ
669 3591 763 3660 inquit
781 3590 886 3666 σιδήρῳ
910 3592 959 3648 διὰ
977 3601 1033 3650 τῶν
1051 3593 1222 3665 μυξωτήρων
1242 3591 1374 3667 ἐξάγουσι

195 3683 245 3738 τὸν
259 3679 424 3754 ἐγκέφαλον.
453 3682 494 3738 Cf.
510 3681 644 3752 Hippoor.
659 3681 693 3736 de
708 3680 795 3752 princ.
813 3686 844 3735 16
859 3681 1011 3752 (vilicos,
1026 3689 1043 3738 9
1057 3685 1100 3755 L.)
1113 3682 1249 3756 τροοήτει
1264 3685 1280 3740 ὁ
1295 3680 1374 3756 ἐγκέ-

196 3777 285 3842 φαλος
302 3780 351 3842 τῆς
370 3769 447 3843 ρἰνὸς
465 3767 494 3835 ἐς
511 3769 547 3826 τὰ
564 3774 654 3826 τοτ’λα.

285 3864 313 3932 1)
326 3862 417 3917 Docet
425 3859 500 3916 enim
516 3860 545 3915 in
555 3876 640 3916 venas
655 3859 759 3915 circum
769 3862 911 3916 cerebrum
927 3860 1034 3930 positas
1044 3861 1108 3919 illas
1118 3859 1242 3934 quidem,
1258 3880 1274 3918 e
1288 3863 1373 3919 corde

195 3953 290 4006 tamen
304 3953 381 4006 ortas
395 3966 478 4020 poros
495 3949 569 4004 finiri
587 3950 634 4020 (de
647 3965 711 4019 gen.
725 3966 770 4006 an.
784 3948 841 4004 llo
860 3967 924 4021 pag.
940 3957 993 4006 ⁷44
1006 3955 1056 4006 at
1075 3951 1139 4009 coll.
1154 3956 1234 4022 a103
1254 3953 1282 4010 d.
1296 3954 1369 4023 part.

194 4056 239 4096 aa
253 4039 280 4094 11
295 4045 328 4094 10
346 4057 411 4110 pag.
426 4044 479 4094 ιιι
494 4040 511 4094 b
527 4041 579 4110 ιι).

283 4132 312 4200 2)
329 4129 460 4184 Timaeus
478 4147 506 4200 p.
520 4127 587 4184 ecB
605 4128 706 4198 φωνὴν
719 4132 817 4199 θῶμεν
831 4129 883 4200 τὴν
898 4126 938 4185 δι’
954 4130 1033 4187 ὤτων
1047 4127 1097 4188 ὑπ’
1113 4127 1197 4201 ἀέρος
1211 4124 1373 4201 ἐγκεφάλου

195 4237 224 4272 τε
243 4217 293 4274 ταὶ
310 4219 428 4288 αἵματος
446 4214 526 4288 μέχρι
544 4225 637 4288 ψυχῆς
655 4215 772 4288 πληγήν.
810 4218 1067 4288 cf.D01.coo‚1l.

283 4313 310 4378 3)
330 4307 428 4376 ltaque
448 4324 515 4362 casu
532 4307 638 4363 lactum
657 4325 714 4364 non
727 4308 847 4379 videtur,
866 4312 898 4366 nt
912 4308 1071 4366 Phaedonis
1085 4309 1135 4365 ille
1149 4307 1183 4362 de
1198 4307 1372 4365 Alcmaeone

194 4397 270 4454 locus
287 4397 333 4468 (cl.
349 4413 414 4466 ρας.
428 4398 474 4468 40)
493 4397 592 4467 gnatus
610 4397 780 4454 mentionem
795 4398 949 4468 omitteret,
969 4396 1011 4454 ita
1024 4399 1057 4453 ut
1070 4398 1157 4456 etiam
1172 4394 1268 4468 priora
1282 4397 1371 4454 verba

193 4483 320 4544 Platonis
339 4483 469 4541 manibus
487 4485 611 4542 trutata
630 4485 695 4544 sint
