3358 5132
780 341 996 407 „63-

393 499 532 568 Causam
563 501 659 567 huius
689 501 869 610 sententiae
902 524 940 566 ex
969 502 1044 566 albo
1072 500 1166 566 lactis
1201 500 1311 565 colore
1343 500 1482 586 petitam

304 630 375 675 esse
393 609 590 675 Aristoteles
609 613 754 674 annotat.
787 608 876 683 Quae
895 605 1096 692 comparatio
1117 607 1232 691 quanti
1251 607 1296 671 sit
1314 607 1482 691 momenti,

303 716 397 781 docet
426 717 481 801 qui
508 716 572 782 hoc
600 738 639 780 ex
665 715 789 800 placito
817 714 983 798 profectus
1011 718 1061 779 est
1090 716 1205 778 unctor
1233 713 1271 778 de
1300 718 1365 778 nat.
1389 714 1482 798 pueri

304 845 331 888 ο.
349 824 392 888 30
416 821 495 910 (VII
514 822 579 889 536
587 873 596 906 ,
618 824 658 886 16
677 819 742 908 L.):
766 824 892 903 γίνεται
915 817 953 884 ὁὸ
976 819 1027 906 (τὸ
1052 817 1185 904 όρνεον)
1209 817 1245 884 ἐκ
1267 831 1328 886 τοῦ
1351 826 1482 908 χλωροῦ

302 939 364 996 τοῦ
388 927 470 1018 ςόοῦ·
498 929 605 1013 τροφὴ
630 925 667 993 δὲ
690 925 744 993 καὶ
768 926 903 1011 αύξησίς
926 926 1016 992 ἐστιν
1044 925 1108 992 ἀπὸ
1131 935 1192 991 τοῦ
1215 931 1337 994 λευκοῦ
1362 938 1422 994 τοῦ
1447 927 1482 992 ἐν

305 1038 351 1124 τῷ
385 1037 438 1124 ὠῷ
471 1035 597 1111 ἐόντος·
633 1032 698 1100 καὶ
730 1031 831 1099 τοῦτ’
859 1035 932 1117 ilde]
969 1043 1088 1098 πᾶσιν
1120 1030 1291 1119 ἐμφανὲς
1325 1033 1481 1117 ἐγένετο

304 1143 439 1209 ὁκόσοι
468 1139 689 1227 προσέσχον
718 1143 786 1206 τὸν
810 1143 918 1206 νόον·
947 1140 1067 1206 ὁκόταν
1091 1139 1241 1226 ἐπιλείπῃ
1263 1141 1284 1224 ἡ
1307 1143 1414 1227 τροφὴ
1438 1153 1482 1229 τῷ

305 1258 433 1337 νεοσσςό
466 1247 502 1312 ἐκ
528 1258 589 1313 τοῦ
617 1244 705 1334 ςόοῦ.
721 1300 727 1311 .
743 1299 749 1310 .
765 1299 771 1312 .
787 1258 927 1312 κινεῖται
962 1249 1104 1333 ἰσχυρῶς
1135 1246 1171 1312 ἐν
1203 1255 1248 1335 τῷ
1282 1249 1336 1336 drgo
1370 1247 1483 1332 ζητέον

303 1357 432 1440 τροφὴν
460 1358 598 1420 πλείονα
625 1351 680 1420 καὶ
709 1356 745 1420 ol
764 1351 882 1438 ὑμένες
904 1354 1202 1440 περιβρήγυυνται,
1228 1357 1284 1420 καί
1312 1355 1432 1421 ὁκόταν
1462 1356 1482 1440 ἡ

307 1465 399 1548 ὅρνις
422 1469 579 1546 αἴσθηται
602 1464 661 1527 τὸν
679 1462 821 1527 νεοσσὸν
843 1460 1026 1545 κινηθέντα
1045 1463 1199 1546 ἰσχυρῶς,
1221 1462 1394 1540 κολύψασα
1418 1460 1483 1540 ἐξέ-

304 1575 414 1646 λεψεν.
445 1617 562 1632 ......
576 1567 662 1632 ούτω
688 1563 725 1631 δὲ
747 1564 801 1630 καὶ
822 1568 860 1631 τὸ
879 1566 1014 1631 παιὸίον
1039 1566 1159 1632 ὁκόταν
1183 1567 1325 1654 αὐξηθῇ,
1350 1569 1411 1634 ούκ
1435 1572 1482 1633 ἔτι

304 1677 442 1740 ὁύυαται
462 1674 481 1757 ἡ
501 1676 606 1757 μήτηρ
625 1673 754 1757 τροφὴν
773 1671 929 1758 παρέχειν
948 1670 1147 1757 ἀρκέουσαν·
1168 1673 1281 1756 ζητέον
1300 1671 1363 1741 οὖν
1379 1679 1481 1741 πλείω

303 1782 432 1866 τροφὴν
463 1787 521 1862 τῆς
552 1779 739 1864 παρεούσης
770 1778 808 1843 τὸ
841 1779 988 1862 ἔμβρυον
1019 1778 1196 1864 ἀσκαρίζον
1231 1781 1373 1864 ῥήγνυσι
1404 1786 1481 1859 τοὺς
1533 1866 1535 1870 Ι

303 1885 426 1972 ὑμένας
448 1883 503 1950 καὶ
527 1881 633 1950 λυθὲν
656 1894 717 1950 τοῦ
740 1886 865 1969 δεσμοῦ
887 1896 990 1970 χωρεῖ
1011 1885 1096 1969 ὁμοῦ
1119 1884 1189 1963 ἔξω.
1231 1887 1329 1953 Haud
1352 1889 1481 1954 aliunde

303 1995 417 2079 pedem
445 1993 572 2078 profert
600 1992 686 2057 idem
714 1992 793 2075 536,
816 1992 851 2057 5:
884 1993 990 2057 τούτο
1020 1988 1057 2056 ol
1085 1994 1129 2080 τῷ
1158 1996 1247 2083 λόγῳ
1281 1995 1331 2060 ὅτι
1361 1996 1481 2061 ἐπιλει-

303 2103 430 2185 πούσης
456 2109 514 2184 τῆς
540 2108 668 2184 τροφῆς
696 2097 857 2184 ἐξέρχεται
889 2100 927 2163 τὸ
955 2101 1102 2182 ἔμβρυον
1114 2149 1210 2164 .....
1224 2102 1372 2186 ίστόριον
1405 2105 1480 2169 τόὸε

304 2209 403 2274 ἐστίν.
445 2208 483 2272 τὸ
507 2209 627 2290 όρνεου
649 2209 776 2289 γίνεται
800 2204 837 2269 ἐκ
860 2216 919 2270 τοῦ
938 2202 1008 2290 ςόοῦ
1031 2214 1090 2270 τοῦ
1113 2211 1246 2291 χλωροῦ
1267 2215 1334 2274 κτλ.
1381 2209 1480 2274 Vides

302 2316 397 2380 illum
421 2318 561 2396 utroque
584 2311 657 2376 loco
681 2314 719 2374 ut
742 2310 776 2373 in
797 2310 1008 2374 fundamento
1032 2311 1095 2376 niti
1119 2313 1153 2375 in
1171 2314 1293 2396 placito
1313 2315 1481 2382 Alcmaeo·

302 2423 410 2486 niano.
443 2419 560 2485 Nonne
579 2415 682 2502 igitur
700 2416 769 2480 veri
784 2420 834 2481 est
851 2416 1054 2481 simillimum
1069 2416 1301 2486 Alcmaeonem
1320 2427 1354 2486 et
1372 2423 1480 2507 ipsum

303 2553 369 2594 non
394 2529 500 2594 solum
522 2547 642 2590 novom
664 2523 716 2588 his
740 2523 773 2588 in
797 2524 894 2588 rebus
917 2524 1143 2608 perquirendis
1166 2525 1253 2590 viam
1272 2533 1481 2614 monstrasse,

305 2637 361 2701 sed
385 2635 485 2700 etiam
508 2632 640 2717 longius
660 2653 698 2695 ee
716 2631 901 2715 ingressum
920 2652 1000 2715 esse,
1023 2634 1217 2714 praesertim
1241 2657 1316 2699 curn
1335 2637 1481 2721 embryo-

306 2743 412 2828 logice
435 2741 608 2826 praecipue
632 2759 765 2821 operam
783 2759 920 2802 navasse
939 2736 1110 2803 videatur?
1142 2737 1283 2806 Proinde
1307 2741 1482 2829 videamus,

302 2872 382 2913 num
406 2871 444 2913 ea
468 2869 549 2933 quae
574 2847 742 2929 praeterea
765 2844 804 2907 de
823 2843 910 2908 fetus
933 2848 1052 2908 natura
1071 2844 1227 2932 docuerit,
1250 2870 1267 2912 e
1291 2849 1373 2932 pulli
1398 2872 1480 2916 com-

303 2955 473 3040 paratione
498 2951 695 3018 conclusisse
718 2951 828 3035 putari
851 2950 966 3035 possit.

768 3157 900 3226 uragm.
924 3157 1016 3213 XIX.

392 3276 491 3341 Plut.
510 3277 541 3342 V
563 3277 652 3360 16,3
678 3275 782 3361 (Dor.
801 3278 868 3341 426
892 3276 987 3363 228)
1011 3300 1053 3341 ex
1077 3275 1205 3344 Aetio:
1223 3277 1409 3363 Ἀλκμαίων
1433 3277 1476 3344 δι’

304 3385 386 3449 ὅλου
413 3394 473 3450 τοῦ
497 3385 646 3467 σώματος
668 3381 850 3469 τρέφεσθαι
879 3384 933 3467 (τὰ
956 3381 1113 3471 ἔμβρυα)·
1142 3384 1389 3470 ἀναλαμβάνειν
1417 3387 1478 3470 γὰρ

304 3491 392 3578 αὐτῷ
418 3491 527 3575 ὥσπερ
552 3496 694 3575 σπογγιᾷ
717 3490 756 3554 τὰ
780 3488 844 3554 ἀπὸ
868 3498 925 3573 τῆς
947 3499 1073 3576 τροφῆς
1095 3492 1265 3576 θρεπτικά.

393 3596 597 3662 Oribasius
621 3594 671 3660 HI
692 3597 754 3663 156
779 3596 1138 3662 edd.Bussen1aker
1167 3603 1205 3663 et
1229 3598 1479 3684 Daremberg:

300 3701 355 3769 Ἐκ
378 3715 445 3769 τῶν
464 3702 615 3788 Ῥούφου.
659 3705 793 3789 πρώτην
818 3699 855 3768 ol
878 3705 1006 3789 τροφὴν
1029 3704 1232 3789 προσφέρειν
1254 3716 1315 3771 τοῦ
1338 3706 1480 3790 μέλιτος·

303 3809 444 3895 καὶγὰρ
469 3809 677 3896 ε’ρεθιστικὸν
704 3819 742 3895 τῇ
766 3810 945 3894 γλυκύτητι
972 3808 1027 3875 καὶ
1050 3812 1158 3888 ἄλλως
1185 3814 1223 3877 τὸ
1248 3824 1341 3897 σῶμα
1369 3813 1479 3877 ὁιακα-

303 3922 416 4005 θαίρει
435 3916 490 3983 καλ
508 3920 546 3983 τὸ
564 3919 711 4001 ἔντερον
732 3919 839 3982 ἔνεστι
859 3919 966 4002 <γὰρ>
984 3922 1172 4003 περίττωμα
1190 3930 1259 3996 τοῖς
1277 3920 1481 4002 τηλικούτοις

304 4024 387 4113 (scil.
410 4025 582 4090 infantulis
606 4024 790 4089 recentibus
815 4021 969 4111 apertu)
997 4023 1034 4089 ἐν
1061 4035 1106 4113 τῷ
1131 4023 1252 4114 ἐντέρῳ
1281 4026 1298 4091 ὃ
1322 4027 1385 4112 χρὴ
1411 4025 1480 4103 ἐξοί-

303 4157 391 4217 γειν,
419 4133 480 4218 οὐχ
503 4133 614 4216 ὥσπερ
635 4125 819 4215 Ἀλκμαίων
849 4137 951 4196 οίεται
980 4132 1029 4196 ὅτι
1058 4132 1096 4197 ἐν
1122 4143 1194 4209 ταῖς
1217 4136 1355 4218 μήτραις
1382 4131 1421 4197 όν
1443 4133 1480 4196 τὸ

303 4243 440 4306 παιδίου
467 4242 589 4324 ἤσθιεν
617 4240 766 4322 στόματι·
801 4248 900 4304 τοῦτο
928 4239 992 4323 γὰρ
1020 4237 1143 4305 οὐὸένα
1169 4243 1295 4326 τρόπον
1323 4241 1480 4304 δυνατόν·

303 4345 375 4413 ἀλλ’
402 4349 454 4414 ότι
476 4358 534 4433 τῆς
556 4355 681 4434 τροφῆς
707 4348 745 4412 τὸ
769 4344 917 4413 ἐνταῦθα
939 4341 1022 4430 ἧκον
1046 4348 1196 4412 ὁιεὸίὸον
1222 4350 1303 4431 ἔσω,
1332 4346 1481 4411 όιεὸίὸου

304 4453 342 4519 ὁὸ
364 4453 419 4521 καὶ
443 4455 476 4532 ἐς
498 4456 616 4521 κύστιν
638 4460 706 4520 κτλ.
729 4493 772 4501 -
