3358 5132
724 363 943 434 ..75-

246 525 278 591 id
307 525 394 611 quod
418 526 568 613 sanandi,
594 528 696 593 κακὸν
723 527 757 594 id
785 528 873 615 quod
899 528 1036 595 nocendi
1064 528 1131 595 vim
1158 528 1280 595 habeat
1308 553 1424 597 sonare

247 634 450 700 demonstret
473 631 556 722 (soil.
580 633 710 718 ἀγαθὸν
733 645 891 720 πυρετοῦ,
913 635 1044 719 ἀγαθὸν
1067 637 1269 722 ὀφθαλμίας,
1292 638 1424 722 ἀγαθὸν

248 738 373 828 λιμοῦ),
402 741 548 828 genitivo
575 763 642 807 non
670 742 781 808 addito
808 743 900 808 illam
928 745 994 809 vim
1018 744 1123 810 subici
1150 765 1218 809 non
1245 766 1342 829 posse
1370 747 1424 810 vix

246 854 296 913 est
320 849 408 934 quod
426 869 585 914 moneam.
620 847 756 915 Accedit
779 851 866 934 quod
885 849 1065 937 Diogenem
1086 849 1231 938 neglexit
1251 850 1424 937 Sanderus,

246 956 301 1042 qui
324 955 458 1040 optimis
478 955 667 1021 auctoribus
685 958 781 1021 nixus
801 956 897 1024 elaris
916 957 1025 1023 verbis
1047 962 1148 1044 negat
1168 959 1208 1023 ad
1227 959 1423 1026 medieinam

244 1063 324 1128 haee
356 1062 455 1128 verba
487 1066 645 1148 spectare.
689 1062 839 1148 Denique
871 1065 965 1130 valde
997 1087 1048 1130 me
1083 1065 1233 1130 dubitare
1264 1066 1423 1132 eonfiteor

244 1174 355 1235 utrum
378 1170 418 1234 τὰ
441 1168 641 1256 ἀνθρώπινα
663 1169 748 1235 verti
766 1170 873 1255 possit
892 1170 1048 1256 ‘corpora
1070 1172 1228 1238 humana’
1252 1195 1294 1238 an
1311 1173 1422 1258 potins

246 1277 345 1343 latius
368 1279 488 1362 pateat.

333 1383 499 1469 Reliquas
513 1383 611 1449 huius
635 1383 812 1470 fragmenti
836 1384 1123 1470 interpretationes
1153 1407 1227 1453 oum
1249 1388 1424 1472 perlustre-

247 1513 328 1571 mus,
349 1490 524 1577 Stanleyns
542 1490 633 1576 (hist.
648 1491 765 1575 philos.
782 1490 913 1575 Lipsiae
931 1494 1014 1558 1711
1030 1515 1104 1580 pag.
1120 1490 1200 1581 823)
1220 1495 1276 1578 qui
1290 1495 1423 1560 ‘multas

248 1619 317 1664 esse
336 1598 552 1663 humanarum
575 1619 684 1662 rerum
703 1599 829 1664 eausas'
850 1596 1075 1665 Crotoniatum
1094 1601 1316 1686 disputantem
1335 1601 1423 1685 fauit,

249 1727 314 1771 non
337 1706 443 1791 magis
467 1705 585 1791 dignus
609 1708 660 1770 est
685 1726 781 1790 quem
804 1705 1026 1792 respiciamus,
1049 1728 1146 1791 quam
1167 1706 1314 1774 Olennius
1338 1709 1424 1774 eius-

247 1814 321 1878 dem
339 1813 445 1878 editor
467 1812 524 1896 qui
548 1811 643 1896 quasi
666 1817 870 1878 correcturus
894 1817 1043 1878 annotat:
1067 1814 1167 1880 “lota
1189 1815 1333 1880 hominis
1356 1816 1424 1882 vita

249 1919 390 1985 obnoxia
423 1923 473 1984 est
507 1918 679 1984 contrariis
711 1923 745 1983 et
775 1920 906 2003 quidem
938 1941 1021 2004 quae
1050 1921 1117 1986 sint
1150 1930 1208 2005 τῆς
1236 1924 1337 2007 τύχης
1372 1924 1423 1988 vel

248 2026 288 2090 τὰ
311 2027 453 2110 τυχόντα
464 2026 501 2111 [l]
525 2030 563 2092 ut
587 2048 700 2090 sensus
723 2026 781 2090 sit:
808 2026 891 2092 Esse
920 2049 995 2092 suas
1019 2028 1183 2112 plerisque
1206 2028 1423 2095 humanarum

247 2153 354 2197 rerum
383 2133 491 2199 vices?
519 2171 561 2180 —
590 2133 765 2217 Perperam
793 2132 934 2199 Merieus
968 2156 1097 2218 quoque
1126 2134 1338 2201 Casaubonus
1367 2133 1422 2222 (ad

247 2238 355 2304 Ladrt.
374 2239 469 2326 Diog.
492 2240 513 2305 l.
534 2238 571 2328 l.)
595 2239 690 2306 ‘Cum
714 2263 754 2305 ex
776 2239 961 2326 disciplina'
984 2240 1092 2326 inquit
1110 2240 1330 2328 ‘Pythagorae
1350 2243 1423 2309 Alo·

249 2346 393 2411 maeonis
423 2348 578 2433 dogmata
601 2369 750 2412 manasse
778 2349 897 2432 prodat
920 2346 1117 2413 Aristoteles
1127 2348 1172 2434 [l]
1178 2400 1187 2434 ,
1214 2347 1423 2434 Pythagorae

248 2457 358 2518 autem
376 2456 413 2519 τὸ
432 2454 469 2518 ἓν
488 2454 574 2519 idem
593 2457 690 2538 atque
710 2452 852 2537 ἀγαθόν,
870 2455 962 2537 θεός,
981 2461 1072 2538 νοῦς,
1096 2455 1202 2519 omnis
1221 2456 1315 2541 origo
1335 2455 1423 2537 boni,

249 2560 331 2638 δυὰς
353 2565 462 2626 autem
485 2561 654 2647 ἀόριστον,
676 2560 752 2645 ὕλη,
776 2561 899 2626 malum
923 2565 956 2624 et
979 2561 1085 2625 omnis
1110 2560 1203 2648 origo
1228 2562 1319 2627 mali:
1343 2560 1424 2626 fauit

245 2689 309 2732 vox
332 2665 529 2752 ἀνθρώπινα
556 2669 591 2732 in
613 2668 721 2732 verbis
745 2667 967 2752 Alcmaeonis,
995 2672 1032 2731 ut
1059 2690 1133 2733 eum
1161 2668 1195 2732 id
1223 2689 1368 2752 quoque,
1396 2666 1424 2731 si

246 2797 313 2839 non
335 2775 516 2859 praecipue,
539 2775 681 2841 voluisse
705 2775 834 2840 credam
857 2774 897 2838 τὰ
916 2777 1067 2860 χερείονα
1086 2783 1195 2858 νικᾶν,
1219 2775 1252 2839 id
1271 2779 1322 2839 est
1345 2774 1425 2838 mali

246 2880 320 2965 plus
343 2882 378 2946 in
400 2881 469 2946 vita
492 2904 562 2947 esse
592 2904 690 2966 quam
713 2881 813 2946 boni'
837 2919 880 2930 -
907 2882 1068 2966 Equidem
1095 2882 1230 2970 proprio
1259 2903 1356 2947 sensu
1385 2881 1424 2945 τὰ

247 2987 505 3073 evaporando
530 2990 680 3054 omuibus
703 2988 838 3053 humani
862 2987 975 3054 mundi
998 2990 1096 3053 rebus
1119 2988 1173 3053 hio
1196 2987 1261 3054 dioi
1283 2988 1424 3053 affirma-

247 3095 358 3161 verim.
403 3093 489 3160 Nam
513 3096 593 3160 haee
616 3095 845 3180 interpretatio
874 3117 941 3160 non
965 3095 1208 3179 simplicissima
1235 3095 1343 3160 solnm
1366 3097 1426 3176 est,

248 3203 303 3266 sed
335 3203 408 3268 inde
443 3226 572 3288 quoque
604 3203 672 3268 veri
701 3203 884 3286 simillima,
916 3203 1003 3286 quod
1031 3203 1144 3266 eodem
1177 3222 1242 3285 quo
1271 3197 1427 3285 fragml

246 3309 386 3375 vidimus
419 3311 516 3377 modo
549 3311 659 3376 divina
691 3310 844 3375 humanis
875 3309 930 3375 hio
965 3331 1094 3393 quoque
1127 3308 1319 3394 opposuisse
1352 3328 1426 3371 eum

247 3421 391 3502 apparet.
424 3416 515 3483 Idem
530 3417 628 3486 Unna
642 3418 708 3482 iam
722 3417 912 3483 dubitanter
926 3417 1064 3502 profert:
1085 3415 1242 3482 ‘Humani
1258 3414 1427 3482 notionem

248 3527 284 3586 ut
311 3523 515 3608 generaliora
543 3524 642 3588 verba
669 3522 860 3608 vitaret[?!]
893 3522 1054 3588 addidisse
1083 3522 1225 3605 videtur,
1260 3521 1325 3585 nisi
1359 3519 1428 3584 veri

247 3629 386 3694 similius
411 3652 485 3695 eum
507 3630 659 3696 humanis
681 3634 810 3694 tantum
829 3629 927 3694 rebus
951 3629 1155 3714 dualitatem,
1178 3627 1297 3694 divinis
1317 3630 1427 3691 autem

247 3735 407 3803 unitatem
430 3736 609 3803 tribuisse?

335 3844 405 3908 lam
439 3866 503 3929 qna
536 3842 664 3909 ratione
699 3843 761 3909 δύο
795 3844 863 3909 sint
896 3865 948 3908 res
981 3842 1177 3930 hananael)
1212 3841 1240 3906 si
1273 3861 1427 3924 rogamus

247 3950 367 4017 alteras
386 3973 437 4015 res
457 3951 593 4018 alterius
613 3951 770 4017 eontrarii
789 3951 950 4036 imagines
969 3951 1125 4035 praebere
1144 3943 1429 4033 Tennemannus²)

336 4148 363 4214 1)
382 4145 424 4199 Da
443 4144 584 4200 dualiemo
603 4144 825 4201 Alcmaeoniano
845 4145 974 4200 conferas
993 4142 1112 4198 Io'elium
1132 4143 1256 4212 (Fichtes
1271 4139 1431 4208 Zeitschra'ft

246 4237 295 4304 [ἄν
315 4235 418 4290 Plator.
438 4239 485 4302 90,
498 4235 579 4302 225).

336 4327 364 4392 2)
384 4323 477 4378 Geruli.
493 4325 519 4378 d.
535 4323 638 4379 Philus.
654 4342 718 4396 pag.
736 4329 799 4378 113:
820 4323 883 4378 Alte
901 4321 1134 4393 maanipsaltr'pea
1153 4321 1256 4387 Diope,
1275 4319 1369 4374 welche
1388 4319 1433 4372 die

248 4413 394 4468 Menoeten
412 4412 530 4480 tenuem
553 4412 619 4467 sind
636 4414 785 4482 awiefact;
807 4414 834 4468 d.
849 4413 875 4468 h.
895 4413 942 4467 der
961 4411 1030 4476 Arc,
1052 4411 1118 4476 dass
1140 4413 1179 4464 rie
1201 4414 1284 4464 anter
1302 4407 1362 4464 eine
1379 4423 1433 4463 uon

248 4503 314 4558 awai
330 4507 591 4572 entycpenpoeaten
609 4501 642 4556 K
644 4503 734 4558 laurea
751 4502 880 4574 gebracht
898 4501 1005 4556 werden
1023 4499 1139 4556 talama.
