3358 5132
698 351 918 416 ...65-

224 509 317 594 cipiis
337 507 380 597 (c.
397 511 437 576 19
457 541 500 564 ι-
519 509 674 596 Hippocr.
689 511 770 576 VIII
790 511 855 577 608
874 515 953 576 extr.
969 509 1019 576 L.:
1038 509 1057 576 ό
1076 511 1159 576 αίών
1178 511 1247 577 ἐστι
1266 521 1326 578 τοῦ
1345 512 1402 579 άν-

223 617 364 701 θρώπον
383 613 598 704 ἕπταημερος)
617 623 650 684 et
669 619 707 682 dc
721 617 934 683 hebdomadis
950 617 989 702 (c.
1005 617 1026 681 5
1041 647 1084 670 =
1098 615 1183 682 VIII
1197 618 1263 684 636
1277 617 1328 706 L.)
1342 643 1402 686 nec

224 746 289 788 non
313 722 495 788 Coaearum
517 746 725 811 prognoseon
752 723 833 811 (502
852 755 895 776 --
914 723 945 788 V
967 725 1040 808 700,
1063 728 1078 789 1
1104 729 1138 790 et
1161 727 1181 790 6
1208 723 1258 812 L.)
1282 726 1402 810 aliique

224 829 364 912 professi
388 834 465 896 sunt
489 827 606 916 (Arist.
625 829 695 896 Pol.
713 833 752 894 H
769 831 809 894 16
834 851 908 915 pag.
929 829 1016 894 1335
1036 830 1058 894 b
1077 829 1144 915 33).

698 1053 809 1122 Frgm.
833 1053 925 1109 ΧΠ.

313 1185 551 1251 Plutarchus
574 1186 676 1270 Epit.
699 1185 731 1251 V
751 1187 801 1268 14,
826 1189 842 1250 1
868 1185 966 1271 (Dox.
989 1186 1055 1251 424
1078 1209 1098 1250 a
1121 1183 1180 1273 30)
1203 1210 1247 1252 ex
1270 1188 1397 1253 Aetio:

221 1289 406 1377 Ἀλκμαίων
429 1304 496 1357 τῶν
519 1293 669 1377 ἡμιόνων
695 1296 773 1370 τοὺς
800 1289 862 1377 μὲν
890 1295 1032 1379 άρρενας
1059 1292 1203 1376 ἀγόνους
1229 1295 1317 1380 παρά
1340 1297 1401 1378 τὴν

224 1401 402 1482 λεπτότητα
429 1408 487 1481 τῆς
513 1405 621 1482 θορῆς
643 1395 741 1481 <καὶ>
768 1401 973 1483 ψυχρότητα,
1000 1400 1058 1475 τὰς
1085 1395 1122 1464 el
1149 1405 1287 1484 θηλείας
1313 1402 1402 1486 παρά

223 1507 261 1570 τὸ
285 1507 329 1590 μὴ
354 1505 553 1589 ἀναχάσκειν
574 1505 634 1580 τάς
657 1508 795 1590 μήτρας·
819 1505 906 1570 οὕτω
929 1506 993 1587 γὰρ
1016 1505 1116 1582 αὐτὸς
1138 1513 1256 1592 εἴρηκε.

345 1626 458 1700 <καλ>]
472 1627 512 1681 εἰσ
527 1625 650 1682 Galenus
664 1625 729 1681 hist.
744 1626 813 1697 phil.
825 1633 859 1682 32
876 1627 957 1696 (Dox.
970 1626 1037 1698 643,
1047 1630 1088 1697 9);
1109 1627 1190 1682 deest
1202 1628 1233 1681 in
1247 1627 1400 1684 Plutarcho

259 1717 373 1771 auctore
392 1717 463 1784 eius;
482 1713 499 1783 ἢ
519 1715 590 1771 coni.
610 1715 756 1782 Reiskius,
774 1715 921 1771 Dielesius.
958 1717 1013 1772 Sed
1032 1716 1067 1771 cf.
1082 1715 1201 1772 Aristot.
1220 1717 1255 1771 de
1274 1734 1337 1787 gen.
1356 1735 1401 1773 an.

259 1806 284 1860 ll
305 1812 329 1872 λ,
348 1811 399 1861 747
419 1823 437 1860 a
452 1812 479 1859 1:
504 1807 623 1875 (γίνεται
645 1811 704 1868 τοῖς
727 1802 848 1875 ἀνδράσι
869 1809 1016 1872 θηλυκοῖς)
1040 1806 1071 1860 τὸ
1091 1804 1200 1877 σπέρμα
1219 1805 1320 1861 λεπτὸν
1344 1807 1402 1862 καὶ

258 1894 377 1965 ψυχρόν.
415 1893 515 1963 διόπερ
539 1892 659 1963 εάλόχως
681 1895 862 1964 βασανίζεται
885 1901 947 1956 ταῖς
964 1889 1189 1965 πείραις....ἒν
1211 1893 1308 1950 ὕδατι·
1331 1897 1402 1965 ταχὺ

257 1983 312 2054 γὰρ
330 1986 471 2055 διαχεῖται
489 1983 520 2038 τὸ
539 1983 640 2038 λεπτὸν
659 1981 717 2038 καλ
735 1981 847 2054 ψυχρόν
865 1987 921 2038 κτλ.

348 2071 433 2127 οὕτω
453 2103 487 2112 -
507 2073 658 2143 εἴρηκεν]
678 2070 759 2126 omis.
774 2071 910 2139 (διελόντες
938 2089 991 2128 nec
1009 2071 1282 2141 mirum‚·quouiam
1306 2074 1403 2142 glossa

260 2161 433 2233 ἀναχάσκειν
452 2165 549 2232 spreta
566 2159 678 2231 vulgari
697 2177 765 2216 voce
784 2161 857 2216 dixit
874 2161 1059 2217 ἀνακόπτειν.
1086 2161 1194 2216 Ibidem
1209 2161 1311 2216 desunt
1329 2178 1402 2230 quae

259 2251 289 2305 in
306 2250 451 2306 Plutarchi
466 2251 609 2306 codicibus
623 2251 755 2320 leguntur
773 2248 790 2304 ὅ
804 2245 862 2305 ἔστι
876 2251 1110 2322 ἀναισιμοῦσθαι
1129 2252 1204 2320 (post
1218 2250 1403 2321 ἀναχάσκειν)

260 2343 289 2396 et
308 2338 324 2394 6
338 2335 396 2395 ἐστι
410 2337 568 2411 σπέρματος
582 2341 658 2408 (post
670 2341 771 2409 θορῆς)
791 2357 863 2409 quae
881 2339 1010 2408 equidem
1025 2341 1116 2396 faeere
1130 2357 1187 2395 non
1200 2357 1314 2410 possum
1335 2339 1403 2408 quin

259 2429 430 2500 glossemata
448 2429 619 2484 extrinsecus
638 2427 738 2483 addita
755 2429 867 2497 putem,
891 2446 955 2483 cum
978 2428 1099 2485 servetis
1117 2427 1175 2482 illis
1199 2429 1402 2484 offenderemus

258 2517 286 2570 in
305 2533 436 2586 perverso
452 2516 601 2572 verborum
616 2515 714 2572 ordine
733 2518 763 2571 et
778 2533 876 2572 vocem
895 2517 949 2571 καί
959 2518 1130 2587 glossemate
1145 2517 1243 2573 addito
1258 2518 1403 2588 expulsam

259 2622 319 2660 esse
338 2607 444 2675 pateat.

348 2696 467 2766 θορῆς]
489 2695 611 2751 Galenus
631 2696 713 2750 mire:
737 2696 817 2766 παρὰ
834 2695 887 2764 τὴν
905 2693 1058 2766 λεπτότητα
1076 2703 1126 2764 τῆς
1144 2695 1248 2763 σαρκὸς
1265 2700 1322 2751 κτλ.
1361 2696 1403 2752 cf.

260 2785 345 2856 Hipp.
360 2785 465 2854 Aphor.
481 2792 514 2839 63
533 2785 581 2854 (IV
597 2789 658 2853 566,
673 2791 759 2854 3sqq.
774 2784 829 2856 L.):
848 2786 1049 2855 παραπλησίως
1067 2785 1116 2840 καί
1130 2780 1178 2839 ἐπὶ
1193 2793 1249 2840 τῶν
1263 2782 1402 2856 ἀρρένων·

260 2870 278 2941 ἣ
300 2873 354 2944 χάρ
378 2872 436 2926 διὰ
459 2871 519 2941 τὴν
543 2873 734 2944 ἀραιότητα
757 2883 815 2929 τοῦ
839 2874 992 2944 σώματος
1018 2874 1051 2928 τδ
1074 2883 1186 2944 πνεῦμα
1210 2872 1262 2940 ἔξω
1286 2873 1405 2946 φέρεται

259 2962 329 3034 πρὸς
356 2961 387 3017 τὸ
415 2961 453 3033 μὴ
480 2959 682 3033 παραπέμπειν
709 2963 740 3017 τὸ
769 2961 879 3034 σπέρμα
901 2960 919 3030 ἢ
943 2962 993 3017 διὰ
1015 2962 1067 3032 τὴν
1090 2961 1254 3034 ψυχρότητα
1282 2964 1334 3020 σόκ
1358 2959 1405 3018 ἕκ-

260 3059 407 3119 κυροῦται.

315 3160 490 3227 Simillima
518 3167 569 3227 est
602 3185 683 3246 quae
712 3161 945 3228 Alcmaeonem
979 3162 1127 3247 sequitur
1159 3167 1258 3246 atque
1286 3164 1404 3248 Empe-

225 3268 327 3333 doclis
359 3291 479 3334 nomen
510 3292 587 3355 prae
616 3291 650 3333 se
683 3269 748 3334 fert
776 3269 940 3335 sententia
967 3268 1049 3334 Dox.
1072 3270 1138 3335 425
1166 3291 1186 3332 a
1207 3272 1240 3336 3:
1274 3266 1404 3355 [Ἐμπε-

226 3373 359 3458 δοκλῆς]
392 3375 449 3439 διὰ
481 3376 542 3459 τὴν
573 3377 772 3458 σμικρότητα
805 3373 860 3440 καὶ
891 3379 1108 3458 ταπεινότητα
1139 3374 1195 3441 καὶ
1227 3379 1404 3461 στενότητα

225 3488 283 3562 τῆς
310 3483 434 3564 μήτρας
471 3479 762 3566 κατεστραμμένως
798 3485 1071 3566 προσπεφυκυίας
1102 3492 1141 3567 τῇ
1175 3483 1292 3568 γαστρὶ
1324 3488 1404 3569 μήτε

224 3594 284 3650 τοῦ
303 3585 487 3672 σπέρματος
505 3589 776 3671 εὐθυβολοῦντος
795 3591 843 3666 είς
861 3588 976 3673 αὐτήν,
995 3591 1087 3673 μήτε,
1106 3592 1139 3653 εί
1155 3588 1210 3655 καί
1229 3592 1402 3675 φθάσειεν,

225 3692 325 3776 αὐτῆς
352 3693 586 3779 ἐκδεχομένης,
614 3716 711 3777 quam
735 3693 944 3761 Alcmaeonis
973 3697 1082 3761 verbis
1110 3696 1296 3763 continuari
1324 3699 1405 3763 Kar-

226 3800 349 3865 stenius
378 3798 535 3888 (Emped.
567 3801 629 3886 frg.
658 3801 738 3884 469,
766 3801 852 3888 241)
887 3802 986 3867 iubet.
1029 3801 1092 3867 Sed
1123 3807 1212 3869 recte
1241 3804 1404 3870 Dielesius

224 3903 319 3990 (Dox.
338 3907 359 3972 l.
378 3906 430 3993 l.):
455 3906 606 3974 ‘obstare
629 3908 758 3973 videtur
781 3908 957 3995 singularis
980 3917 1037 3992 τῆς
1059 3911 1209 3993 μητραςὶ

313 4012 383 4079 Iam
401 4015 623 4099 quaerendum
643 4015 721 4098 quid
740 4015 785 4079 sit
804 4014 879 4080 miri
897 4013 933 4078 in
947 4036 1025 4080 voce
1040 4013 1248 4101 ἀναχάσκειν.
1279 4016 1404 4082 Eadem

224 4120 310 4184 enim
334 4120 576 4208 significatione
600 4120 777 4205 eodemque
800 4123 836 4188 in
854 4125 1009 4186 contextu
1033 4122 1133 4186 etiam
1156 4121 1192 4187 in
1209 4121 1303 4187 libris
1322 4121 1404 4206 Hip-

223 4226 396 4310 pocraticis
421 4226 552 4313 dicitur,
576 4249 714 4310 quorum
739 4227 889 4314 congessi
912 4227 1004 4294 locos
1027 4228 1140 4293 hosce:

265 4350 477 4439 άναχάσκεινε
502 4354 541 4417 de
565 4355 631 4416 nat.
651 4351 725 4417 fem.
744 4352 789 4418 45
813 4349 894 4438 (VII
913 4352 988 4437 390,
1010 4355 1037 4419 1.
1058 4353 1078 4418 5
1098 4347 1149 4438 L.)

504 4461 544 4524 de
568 4460 671 4524 morb.
691 4460 768 4524 mul.
787 4457 819 4524 Il
839 4459 902 4523 167
923 4455 1023 4544 (VIII
1042 4459 1117 4543 344,
1136 4459 1180 4524 22
1200 4454 1251 4546 L.)

276 4573 437 4624 washun,
452 4572 480 4614 de
496 4575 636 4614 Alcmaeone
652 4573 795 4616 crotonem.
1178 4572 1193 4618 b
