<?xml version="1.0" encoding="UTF-8"?>
<!DOCTYPE html PUBLIC "-//W3C//DTD XHTML 1.0 Transitional//EN"
    "http://www.w3.org/TR/xhtml1/DTD/xhtml1-transitional.dtd">
<html xmlns="http://www.w3.org/1999/xhtml" xml:lang="en" lang="en">
 <head>
  <title>
</title>
<meta http-equiv="Content-Type" content="text/html;charset=utf-8" />
  <meta name='ocr-system' content='tesseract 3.04.00' />
  <meta name='ocr-capabilities' content='ocr_page ocr_carea ocr_par ocr_line ocrx_word'/>
</head>
<body>
  <div class='ocr_page' id='page_1' title='image "./dealcmaeonecrot00wachgoog_0090.png"; bbox 0 0 3358 5132; ppageno 0'>
   <div class='ocr_carea' id='block_1_1' title="bbox 693 401 913 467">
    <p class='ocr_par' dir='ltr' id='par_1_1' title="bbox 693 401 913 467">
     <span class='ocr_line' id='line_1_1' title="bbox 693 401 913 467; baseline 0 -18"><span class='ocrx_word' id='word_1_1' title='bbox 693 401 913 467; x_wconf 76' lang='grc'>..85-</span> 
     </span>
    </p>
   </div>
   <div class='ocr_carea' id='block_1_2' title="bbox 217 560 1392 755">
    <p class='ocr_par' dir='ltr' id='par_1_2' title="bbox 217 560 1392 755">
     <span class='ocr_line' id='line_1_2' title="bbox 217 560 1392 649; baseline 0.003 -23"><span class='ocrx_word' id='word_1_2' title='bbox 217 582 275 626; x_wconf 88' lang='lat' dir='ltr'>sua</span> <span class='ocrx_word' id='word_1_3' title='bbox 289 561 452 647; x_wconf 86' lang='lat' dir='ltr'>habuerit,</span> <span class='ocrx_word' id='word_1_4' title='bbox 471 560 519 626; x_wconf 87' lang='lat' dir='ltr'>ita</span> <span class='ocrx_word' id='word_1_5' title='bbox 538 566 575 626; x_wconf 93' lang='lat' dir='ltr'>ut</span> <span class='ocrx_word' id='word_1_6' title='bbox 593 561 673 627; x_wconf 88' lang='lat' dir='ltr'>haec</span> <span class='ocrx_word' id='word_1_7' title='bbox 693 561 812 648; x_wconf 83' lang='lat' dir='ltr'>priora,</span> <span class='ocrx_word' id='word_1_8' title='bbox 831 562 888 626; x_wconf 86' lang='lat' dir='ltr'>illa</span> <span class='ocrx_word' id='word_1_9' title='bbox 902 562 1087 647; x_wconf 81' lang='lat' dir='ltr'>posteriora</span> <span class='ocrx_word' id='word_1_10' title='bbox 1100 585 1170 628; x_wconf 89' lang='lat' dir='ltr'>esse</span> <span class='ocrx_word' id='word_1_11' title='bbox 1189 564 1224 627; x_wconf 93' lang='lat' dir='ltr'>in</span> <span class='ocrx_word' id='word_1_12' title='bbox 1237 568 1392 649; x_wconf 88' lang='lat' dir='ltr'>promptu</span> 
     </span>
     <span class='ocr_line' id='line_1_3' title="bbox 217 665 1392 755; baseline 0.005 -23"><span class='ocrx_word' id='word_1_13' title='bbox 217 666 269 733; x_wconf 90' lang='lat' dir='ltr'>sit.</span> <span class='ocrx_word' id='word_1_14' title='bbox 316 665 430 754; x_wconf 84' lang='lat' dir='ltr'>Neque</span> <span class='ocrx_word' id='word_1_15' title='bbox 455 667 543 733; x_wconf 90' lang='lat' dir='ltr'>enim</span> <span class='ocrx_word' id='word_1_16' title='bbox 565 668 707 755; x_wconf 74' lang='lat' dir='ltr'>intelligi</span> <span class='ocrx_word' id='word_1_17' title='bbox 730 691 841 755; x_wconf 90' lang='lat' dir='ltr'>posse,</span> <span class='ocrx_word' id='word_1_18' title='bbox 864 691 963 754; x_wconf 85' lang='lat' dir='ltr'>quare</span> <span class='ocrx_word' id='word_1_19' title='bbox 987 673 1075 735; x_wconf 90' lang='lat' dir='ltr'>retro</span> <span class='ocrx_word' id='word_1_20' title='bbox 1098 671 1213 754; x_wconf 89' lang='lat' dir='ltr'>pedem</span> <span class='ocrx_word' id='word_1_21' title='bbox 1237 671 1392 738; x_wconf 81' lang='lat' dir='ltr'>Alcmaeo</span> 
     </span>
    </p>
   </div>
   <div class='ocr_carea' id='block_1_3' title="bbox 98 773 1392 864">
    <p class='ocr_par' dir='ltr' id='par_1_3' title="bbox 98 773 1392 864">
     <span class='ocr_line' id='line_1_4' title="bbox 98 773 1392 864; baseline 0.003 -25"><span class='ocrx_word' id='word_1_22' title='bbox 98 851 102 858; x_wconf 23' lang='lat'>⁸</span> <span class='ocrx_word' id='word_1_23' title='bbox 217 773 338 840; x_wconf 88' lang='lat' dir='ltr'>tulerit.</span> <span class='ocrx_word' id='word_1_24' title='bbox 377 774 422 839; x_wconf 88' lang='lat' dir='ltr'>At</span> <span class='ocrx_word' id='word_1_25' title='bbox 446 797 520 840; x_wconf 92' lang='lat' dir='ltr'>cum</span> <span class='ocrx_word' id='word_1_26' title='bbox 538 776 644 841; x_wconf 89' lang='lat' dir='ltr'>omnis</span> <span class='ocrx_word' id='word_1_27' title='bbox 665 775 883 861; x_wconf 87' lang='lat' dir='ltr'>philosophia,</span> <span class='ocrx_word' id='word_1_28' title='bbox 907 776 1056 860; x_wconf 80' lang='lat' dir='ltr'>quamvis</span> <span class='ocrx_word' id='word_1_29' title='bbox 1075 776 1193 842; x_wconf 91' lang='lat' dir='ltr'>rationi</span> <span class='ocrx_word' id='word_1_30' title='bbox 1214 778 1392 864; x_wconf 86' lang='lat' dir='ltr'>indulgeat,</span> 
     </span>
    </p>
   </div>
   <div class='ocr_carea' id='block_1_4' title="bbox 212 881 1393 2571">
    <p class='ocr_par' dir='ltr' id='par_1_4' title="bbox 212 881 1393 2145">
     <span class='ocr_line' id='line_1_5' title="bbox 215 881 1392 968; baseline 0.003 -22"><span class='ocrx_word' id='word_1_31' title='bbox 215 881 250 946; x_wconf 94' lang='lat' dir='ltr'>in</span> <span class='ocrx_word' id='word_1_32' title='bbox 273 881 423 948; x_wconf 77' lang='lat' dir='ltr'>sensibus</span> <span class='ocrx_word' id='word_1_33' title='bbox 446 882 572 947; x_wconf 90' lang='lat' dir='ltr'>nitatur</span> <span class='ocrx_word' id='word_1_34' title='bbox 594 904 725 948; x_wconf 90' lang='lat' dir='ltr'>necesse</span> <span class='ocrx_word' id='word_1_35' title='bbox 748 883 803 968; x_wconf 85' lang='lat' dir='ltr'>sit,</span> <span class='ocrx_word' id='word_1_36' title='bbox 826 887 901 947; x_wconf 89' lang='lat' dir='ltr'>autc</span> <span class='ocrx_word' id='word_1_37' title='bbox 925 883 1018 947; x_wconf 91' lang='lat' dir='ltr'>illam</span> <span class='ocrx_word' id='word_1_38' title='bbox 1041 886 1234 968; x_wconf 79' lang='grc' dir='ltr'><strong><em>συστοιχίαν</em></strong></span> <span class='ocrx_word' id='word_1_39' title='bbox 1257 886 1298 948; x_wconf 88' lang='lat' dir='ltr'>ab</span> <span class='ocrx_word' id='word_1_40' title='bbox 1321 885 1392 950; x_wconf 88' lang='lat' dir='ltr'>Ari-</span> 
     </span>
     <span class='ocr_line' id='line_1_6' title="bbox 216 988 1392 1075; baseline 0.003 -22"><span class='ocrx_word' id='word_1_41' title='bbox 216 988 333 1054; x_wconf 88' lang='lat' dir='ltr'>stotele</span> <span class='ocrx_word' id='word_1_42' title='bbox 353 989 510 1054; x_wconf 86' lang='lat' dir='ltr'>traditam</span> <span class='ocrx_word' id='word_1_43' title='bbox 528 988 629 1055; x_wconf 88' lang='lat' dir='ltr'>etiam</span> <span class='ocrx_word' id='word_1_44' title='bbox 643 988 926 1075; x_wconf 70' lang='lat' dir='ltr'>Pythagoreorum</span> <span class='ocrx_word' id='word_1_45' title='bbox 945 989 1024 1055; x_wconf 90' lang='lat' dir='ltr'>olim</span> <span class='ocrx_word' id='word_1_46' title='bbox 1043 989 1209 1074; x_wconf 84' lang='lat' dir='ltr'>exstitisse</span> <span class='ocrx_word' id='word_1_47' title='bbox 1229 990 1392 1056; x_wconf 87' lang='lat' dir='ltr'>infinitam</span> 
     </span>
     <span class='ocr_line' id='line_1_7' title="bbox 215 1095 1392 1183; baseline 0.001 -22"><span class='ocrx_word' id='word_1_48' title='bbox 215 1095 420 1162; x_wconf 87' lang='lat' dir='ltr'>sensibilium</span> <span class='ocrx_word' id='word_1_49' title='bbox 433 1097 674 1162; x_wconf 87' lang='lat' dir='ltr'>contrariorum</span> <span class='ocrx_word' id='word_1_50' title='bbox 688 1096 835 1162; x_wconf 86' lang='lat' dir='ltr'>tabulam</span> <span class='ocrx_word' id='word_1_51' title='bbox 853 1119 948 1161; x_wconf 90' lang='lat' dir='ltr'>nemo</span> <span class='ocrx_word' id='word_1_52' title='bbox 962 1097 1105 1183; x_wconf 82' lang='lat' dir='ltr'>negabit.</span> <span class='ocrx_word' id='word_1_53' title='bbox 1139 1095 1226 1162; x_wconf 87' lang='lat' dir='ltr'>Nam</span> <span class='ocrx_word' id='word_1_54' title='bbox 1239 1096 1392 1162; x_wconf 84' lang='lat' dir='ltr'>decadem</span> 
     </span>
     <span class='ocr_line' id='line_1_8' title="bbox 214 1203 1392 1270; baseline 0.002 -3"><span class='ocrx_word' id='word_1_55' title='bbox 214 1203 305 1268; x_wconf 87' lang='lat' dir='ltr'>illam</span> <span class='ocrx_word' id='word_1_56' title='bbox 328 1203 565 1269; x_wconf 87' lang='lat' dir='ltr'>conclamatam</span> <span class='ocrx_word' id='word_1_57' title='bbox 593 1203 724 1269; x_wconf 89' lang='lat' dir='ltr'>nonnisi</span> <span class='ocrx_word' id='word_1_58' title='bbox 748 1204 887 1270; x_wconf 90' lang='lat' dir='ltr'>electam</span> <span class='ocrx_word' id='word_1_59' title='bbox 911 1225 982 1268; x_wconf 88' lang='lat' dir='ltr'>esse</span> <span class='ocrx_word' id='word_1_60' title='bbox 1011 1207 1193 1270; x_wconf 86' lang='lat' dir='ltr'>ceterorum</span> <span class='ocrx_word' id='word_1_61' title='bbox 1216 1207 1392 1269; x_wconf 88' lang='lat' dir='ltr'>contrario·</span> 
     </span>
     <span class='ocr_line' id='line_1_9' title="bbox 215 1311 1392 1396; baseline 0.003 -22"><span class='ocrx_word' id='word_1_62' title='bbox 215 1333 287 1375; x_wconf 90' lang='lat' dir='ltr'>rum</span> <span class='ocrx_word' id='word_1_63' title='bbox 306 1333 324 1375; x_wconf 93' lang='lat' dir='ltr'>e</span> <span class='ocrx_word' id='word_1_64' title='bbox 341 1333 477 1377; x_wconf 90' lang='lat' dir='ltr'>numero</span> <span class='ocrx_word' id='word_1_65' title='bbox 496 1311 530 1375; x_wconf 93' lang='lat' dir='ltr'>in</span> <span class='ocrx_word' id='word_1_66' title='bbox 549 1314 705 1396; x_wconf 86' lang='lat' dir='ltr'>promptu</span> <span class='ocrx_word' id='word_1_67' title='bbox 724 1315 785 1395; x_wconf 86' lang='lat' dir='ltr'>est,</span> <span class='ocrx_word' id='word_1_68' title='bbox 807 1311 1001 1395; x_wconf 87' lang='lat' dir='ltr'>praesertim</span> <span class='ocrx_word' id='word_1_69' title='bbox 1025 1332 1098 1375; x_wconf 90' lang='lat' dir='ltr'>cum</span> <span class='ocrx_word' id='word_1_70' title='bbox 1122 1312 1233 1396; x_wconf 89' lang='lat' dir='ltr'>plures</span> <span class='ocrx_word' id='word_1_71' title='bbox 1257 1311 1392 1377; x_wconf 81' lang='lat' dir='ltr'>decades</span> 
     </span>
     <span class='ocr_line' id='line_1_10' title="bbox 214 1413 1392 1505; baseline 0 -23"><span class='ocrx_word' id='word_1_72' title='bbox 214 1417 315 1482; x_wconf 86' lang='lat' dir='ltr'>fuisse</span> <span class='ocrx_word' id='word_1_73' title='bbox 336 1415 525 1501; x_wconf 87' lang='lat' dir='ltr'>Simplicius</span> <span class='ocrx_word' id='word_1_74' title='bbox 544 1421 655 1482; x_wconf 88' lang='lat' dir='ltr'>narret</span> <span class='ocrx_word' id='word_1_75' title='bbox 674 1414 723 1505; x_wconf 92' lang='lat' dir='ltr'>(in</span> <span class='ocrx_word' id='word_1_76' title='bbox 741 1418 833 1502; x_wconf 90' lang='lat' dir='ltr'>phys.</span> <span class='ocrx_word' id='word_1_77' title='bbox 852 1417 904 1501; x_wconf 82' lang='lat'>26,</span> <span class='ocrx_word' id='word_1_78' title='bbox 923 1417 966 1482; x_wconf 84' lang='grc'>26</span> <span class='ocrx_word' id='word_1_79' title='bbox 985 1413 1103 1503; x_wconf 87' lang='lat' dir='ltr'>Diels).</span> <span class='ocrx_word' id='word_1_80' title='bbox 1145 1416 1215 1481; x_wconf 90' lang='lat' dir='ltr'>Iam</span> <span class='ocrx_word' id='word_1_81' title='bbox 1240 1418 1392 1482; x_wconf 90' lang='lat' dir='ltr'>conceda-</span> 
     </span>
     <span class='ocr_line' id='line_1_11' title="bbox 212 1522 1392 1610; baseline -0.001 -21"><span class='ocrx_word' id='word_1_82' title='bbox 212 1545 285 1589; x_wconf 89' lang='lat' dir='ltr'>mus</span> <span class='ocrx_word' id='word_1_83' title='bbox 309 1523 593 1610; x_wconf 81' lang='lat' dir='ltr'>Pythagoreorum</span> <span class='ocrx_word' id='word_1_84' title='bbox 617 1524 781 1607; x_wconf 87' lang='lat' dir='ltr'>tabulam,</span> <span class='ocrx_word' id='word_1_85' title='bbox 808 1525 938 1608; x_wconf 87' lang='lat' dir='ltr'>qualem</span> <span class='ocrx_word' id='word_1_86' title='bbox 961 1523 1064 1589; x_wconf 88' lang='lat' dir='ltr'>tradit</span> <span class='ocrx_word' id='word_1_87' title='bbox 1086 1522 1298 1608; x_wconf 84' lang='lat' dir='ltr'>Aristoteles,</span> <span class='ocrx_word' id='word_1_88' title='bbox 1325 1525 1392 1588; x_wconf 88' lang='lat' dir='ltr'>iam</span> 
     </span>
     <span class='ocr_line' id='line_1_12' title="bbox 212 1628 1391 1716; baseline 0 -20"><span class='ocrx_word' id='word_1_89' title='bbox 212 1629 443 1697; x_wconf 85' lang='lat' dir='ltr'>Alcmaeonem</span> <span class='ocrx_word' id='word_1_90' title='bbox 465 1628 641 1716; x_wconf 83' lang='lat' dir='ltr'>novisse¹):</span> <span class='ocrx_word' id='word_1_91' title='bbox 665 1629 742 1716; x_wconf 92' lang='lat' dir='ltr'>quid</span> <span class='ocrx_word' id='word_1_92' title='bbox 766 1631 892 1697; x_wconf 90' lang='lat' dir='ltr'>medico</span> <span class='ocrx_word' id='word_1_93' title='bbox 917 1652 990 1696; x_wconf 88' lang='lat' dir='ltr'>cum</span> <span class='ocrx_word' id='word_1_94' title='bbox 1012 1629 1151 1716; x_wconf 84' lang='lat' dir='ltr'>argutiis</span> <span class='ocrx_word' id='word_1_95' title='bbox 1171 1630 1267 1695; x_wconf 86' lang='lat' dir='ltr'>istis?</span> <span class='ocrx_word' id='word_1_96' title='bbox 1304 1630 1391 1696; x_wconf 87' lang='lat' dir='ltr'>Nam</span> 
     </span>
     <span class='ocr_line' id='line_1_13' title="bbox 214 1737 1392 1823; baseline 0 -21"><span class='ocrx_word' id='word_1_97' title='bbox 214 1760 311 1822; x_wconf 88' lang='lat' dir='ltr'>quam</span> <span class='ocrx_word' id='word_1_98' title='bbox 330 1737 368 1802; x_wconf 89' lang='lat' dir='ltr'>de</span> <span class='ocrx_word' id='word_1_99' title='bbox 386 1737 532 1822; x_wconf 88' lang='lat' dir='ltr'>corporis</span> <span class='ocrx_word' id='word_1_100' title='bbox 551 1737 685 1802; x_wconf 90' lang='lat' dir='ltr'>humani</span> <span class='ocrx_word' id='word_1_101' title='bbox 700 1743 820 1802; x_wconf 87' lang='lat' dir='ltr'>natura</span> <span class='ocrx_word' id='word_1_102' title='bbox 837 1738 1027 1823; x_wconf 89' lang='lat' dir='ltr'>prolaturus</span> <span class='ocrx_word' id='word_1_103' title='bbox 1042 1741 1112 1802; x_wconf 85' lang='lat' dir='ltr'>erat</span> <span class='ocrx_word' id='word_1_104' title='bbox 1126 1738 1309 1803; x_wconf 84' lang='lat' dir='ltr'>doctrinam</span> <span class='ocrx_word' id='word_1_105' title='bbox 1327 1737 1392 1802; x_wconf 91' lang='lat' dir='ltr'>nisi</span> 
     </span>
     <span class='ocr_line' id='line_1_14' title="bbox 213 1843 1393 1932; baseline 0 -22"><span class='ocrx_word' id='word_1_106' title='bbox 213 1868 230 1910; x_wconf 94' lang='lat' dir='ltr'>e</span> <span class='ocrx_word' id='word_1_107' title='bbox 250 1844 423 1911; x_wconf 85' lang='lat' dir='ltr'>contrariis</span> <span class='ocrx_word' id='word_1_108' title='bbox 438 1867 499 1910; x_wconf 87' lang='lat' dir='ltr'>usu</span> <span class='ocrx_word' id='word_1_109' title='bbox 514 1845 656 1932; x_wconf 86' lang='lat' dir='ltr'>cognitis</span> <span class='ocrx_word' id='word_1_110' title='bbox 672 1844 825 1930; x_wconf 85' lang='lat' dir='ltr'>colligere</span> <span class='ocrx_word' id='word_1_111' title='bbox 839 1867 906 1909; x_wconf 90' lang='lat' dir='ltr'>non</span> <span class='ocrx_word' id='word_1_112' title='bbox 919 1846 1039 1929; x_wconf 89' lang='lat' dir='ltr'>potuit.</span> <span class='ocrx_word' id='word_1_113' title='bbox 1075 1843 1192 1928; x_wconf 87' lang='lat' dir='ltr'>Itaque</span> <span class='ocrx_word' id='word_1_114' title='bbox 1211 1845 1393 1931; x_wconf 86' lang='lat' dir='ltr'>regredien-</span> 
     </span>
     <span class='ocr_line' id='line_1_15' title="bbox 213 1951 1391 2039; baseline 0.002 -23"><span class='ocrx_word' id='word_1_115' title='bbox 213 1953 289 2017; x_wconf 87' lang='lat' dir='ltr'>dum</span> <span class='ocrx_word' id='word_1_116' title='bbox 312 1953 342 2016; x_wconf 90' lang='lat' dir='ltr'>ei</span> <span class='ocrx_word' id='word_1_117' title='bbox 362 1955 447 2037; x_wconf 85' lang='lat' dir='ltr'>erat,</span> <span class='ocrx_word' id='word_1_118' title='bbox 469 1953 640 2039; x_wconf 81' lang='grc' dir='ltr'><strong><em>συστοιχίᾳ</em></strong></span> <span class='ocrx_word' id='word_1_119' title='bbox 661 1952 731 2016; x_wconf 88' lang='lat' dir='ltr'>sine</span> <span class='ocrx_word' id='word_1_120' title='bbox 752 1951 1000 2035; x_wconf 88' lang='lat' dir='ltr'>reprehensione</span> <span class='ocrx_word' id='word_1_121' title='bbox 1022 1951 1180 2036; x_wconf 87' lang='lat' dir='ltr'>neglecta,</span> <span class='ocrx_word' id='word_1_122' title='bbox 1204 1952 1243 2016; x_wconf 89' lang='lat' dir='ltr'>ad</span> <span class='ocrx_word' id='word_1_123' title='bbox 1261 1969 1391 2018; x_wconf 89' lang='grc' dir='ltr'><strong><em>συστοι-</em></strong></span> 
     </span>
     <span class='ocr_line' id='line_1_16' title="bbox 212 2058 1391 2145; baseline -0.001 -22"><span class='ocrx_word' id='word_1_124' title='bbox 212 2062 285 2145; x_wconf 78' lang='grc' dir='ltr'><strong><em>χίας</em></strong></span> <span class='ocrx_word' id='word_1_125' title='bbox 300 2058 521 2143; x_wconf 85' lang='lat' dir='ltr'>iundamenta,</span> <span class='ocrx_word' id='word_1_126' title='bbox 540 2059 571 2122; x_wconf 93' lang='lat' dir='ltr'>h.</span> <span class='ocrx_word' id='word_1_127' title='bbox 583 2080 610 2124; x_wconf 92' lang='lat' dir='ltr'>e.</span> <span class='ocrx_word' id='word_1_128' title='bbox 630 2059 670 2122; x_wconf 86' lang='lat' dir='ltr'>ad</span> <span class='ocrx_word' id='word_1_129' title='bbox 685 2080 723 2122; x_wconf 87' lang='lat' dir='ltr'>ea</span> <span class='ocrx_word' id='word_1_130' title='bbox 738 2058 903 2123; x_wconf 88' lang='lat' dir='ltr'>contraria</span> <span class='ocrx_word' id='word_1_131' title='bbox 922 2080 1003 2142; x_wconf 90' lang='lat' dir='ltr'>quae</span> <span class='ocrx_word' id='word_1_132' title='bbox 1018 2058 1053 2121; x_wconf 93' lang='lat' dir='ltr'>in</span> <span class='ocrx_word' id='word_1_133' title='bbox 1068 2058 1217 2123; x_wconf 89' lang='lat' dir='ltr'>sensibus</span> <span class='ocrx_word' id='word_1_134' title='bbox 1231 2058 1391 2124; x_wconf 89' lang='lat' dir='ltr'>nituntur.</span> 
     </span>
    </p>

    <p class='ocr_par' dir='ltr' id='par_1_5' title="bbox 212 2163 1391 2571">
     <span class='ocr_line' id='line_1_17' title="bbox 300 2163 1390 2251; baseline 0.001 -21"><span class='ocrx_word' id='word_1_135' title='bbox 300 2163 402 2230; x_wconf 90' lang='lat' dir='ltr'>Vides</span> <span class='ocrx_word' id='word_1_136' title='bbox 428 2165 499 2230; x_wconf 88' lang='lat' dir='ltr'>fieri</span> <span class='ocrx_word' id='word_1_137' title='bbox 522 2165 683 2251; x_wconf 87' lang='lat' dir='ltr'>potuisse,</span> <span class='ocrx_word' id='word_1_138' title='bbox 704 2169 742 2231; x_wconf 86' lang='lat' dir='ltr'>ut</span> <span class='ocrx_word' id='word_1_139' title='bbox 763 2169 938 2250; x_wconf 88' lang='lat' dir='ltr'>utrumque</span> <span class='ocrx_word' id='word_1_140' title='bbox 962 2165 1138 2250; x_wconf 83' lang='lat' dir='ltr'>accideret,</span> <span class='ocrx_word' id='word_1_141' title='bbox 1166 2187 1270 2250; x_wconf 88' lang='lat' dir='ltr'>neque</span> <span class='ocrx_word' id='word_1_142' title='bbox 1301 2170 1390 2231; x_wconf 89' lang='lat' dir='ltr'>recte</span> 
     </span>
     <span class='ocr_line' id='line_1_18' title="bbox 212 2270 1390 2360; baseline -0.003 -20"><span class='ocrx_word' id='word_1_143' title='bbox 212 2273 333 2340; x_wconf 87' lang='lat' dir='ltr'>erroris</span> <span class='ocrx_word' id='word_1_144' title='bbox 361 2273 491 2358; x_wconf 87' lang='lat' dir='ltr'>culpam</span> <span class='ocrx_word' id='word_1_145' title='bbox 518 2273 553 2337; x_wconf 95' lang='lat' dir='ltr'>in</span> <span class='ocrx_word' id='word_1_146' title='bbox 582 2272 796 2339; x_wconf 80' lang='lat' dir='ltr'>Aristotelem</span> <span class='ocrx_word' id='word_1_147' title='bbox 826 2270 1037 2360; x_wconf 75' lang='lat' dir='ltr'>Sanderum⁹)</span> <span class='ocrx_word' id='word_1_148' title='bbox 1066 2273 1221 2338; x_wconf 84' lang='lat' dir='ltr'>conferre.</span> <span class='ocrx_word' id='word_1_149' title='bbox 1268 2272 1390 2338; x_wconf 90' lang='lat' dir='ltr'>Utrum</span> 
     </span>
     <span class='ocr_line' id='line_1_19' title="bbox 212 2378 1390 2465; baseline -0.002 -19"><span class='ocrx_word' id='word_1_150' title='bbox 212 2403 325 2446; x_wconf 83' lang='lat' dir='ltr'>verum</span> <span class='ocrx_word' id='word_1_151' title='bbox 353 2379 409 2459; x_wconf 88' lang='lat' dir='ltr'>sit,</span> <span class='ocrx_word' id='word_1_152' title='bbox 439 2401 636 2464; x_wconf 85' lang='lat' dir='ltr'>quamquam</span> <span class='ocrx_word' id='word_1_153' title='bbox 659 2401 720 2445; x_wconf 89' lang='lat' dir='ltr'>nos</span> <span class='ocrx_word' id='word_1_154' title='bbox 748 2402 814 2444; x_wconf 93' lang='lat' dir='ltr'>non</span> <span class='ocrx_word' id='word_1_155' title='bbox 838 2381 943 2465; x_wconf 84' lang='lat' dir='ltr'>magis</span> <span class='ocrx_word' id='word_1_156' title='bbox 973 2401 1070 2463; x_wconf 89' lang='lat' dir='ltr'>quam</span> <span class='ocrx_word' id='word_1_157' title='bbox 1093 2378 1304 2464; x_wconf 86' lang='lat' dir='ltr'>Aristoteles,</span> <span class='ocrx_word' id='word_1_158' title='bbox 1335 2380 1390 2464; x_wconf 91' lang='lat' dir='ltr'>qui</span> 
     </span>
     <span class='ocr_line' id='line_1_20' title="bbox 213 2485 1391 2571; baseline -0.002 -19"><span class='ocrx_word' id='word_1_159' title='bbox 213 2488 362 2553; x_wconf 90' lang='lat' dir='ltr'>libellum</span> <span class='ocrx_word' id='word_1_160' title='bbox 385 2487 454 2552; x_wconf 91' lang='lat' dir='ltr'>eius</span> <span class='ocrx_word' id='word_1_161' title='bbox 477 2486 569 2571; x_wconf 84' lang='lat' dir='ltr'>legit,</span> <span class='ocrx_word' id='word_1_162' title='bbox 592 2485 768 2552; x_wconf 90' lang='lat' dir='ltr'>diiudicare</span> <span class='ocrx_word' id='word_1_163' title='bbox 791 2509 980 2570; x_wconf 84' lang='lat' dir='ltr'>possumus,</span> <span class='ocrx_word' id='word_1_164' title='bbox 1008 2490 1127 2570; x_wconf 87' lang='lat' dir='ltr'>tamen,</span> <span class='ocrx_word' id='word_1_165' title='bbox 1151 2486 1180 2549; x_wconf 91' lang='lat' dir='ltr'>si</span> <span class='ocrx_word' id='word_1_166' title='bbox 1203 2487 1391 2552; x_wconf 87' lang='lat' dir='ltr'>coniectura</span> 
     </span>
    </p>
   </div>
   <div class='ocr_carea' id='block_1_5' title="bbox 212 2591 1390 2680">
    <p class='ocr_par' dir='ltr' id='par_1_6' title="bbox 212 2591 1390 2680">
     <span class='ocr_line' id='line_1_21' title="bbox 212 2591 1390 2680; baseline -0.002 -20"><span class='ocrx_word' id='word_1_167' title='bbox 212 2595 262 2660; x_wconf 89' lang='lat' dir='ltr'>uti</span> <span class='ocrx_word' id='word_1_168' title='bbox 285 2595 376 2680; x_wconf 89' lang='lat' dir='ltr'>licet,</span> <span class='ocrx_word' id='word_1_169' title='bbox 400 2593 632 2659; x_wconf 85' lang='lat' dir='ltr'>Alcmaeonem</span> <span class='ocrx_word' id='word_1_170' title='bbox 655 2591 766 2677; x_wconf 89' lang='lat' dir='ltr'>potius</span> <span class='ocrx_word' id='word_1_171' title='bbox 790 2615 809 2658; x_wconf 88' lang='lat' dir='ltr'>a</span> <span class='ocrx_word' id='word_1_172' title='bbox 832 2592 1050 2678; x_wconf 85' lang='lat' dir='ltr'>Pythagoreis</span> <span class='ocrx_word' id='word_1_173' title='bbox 1074 2593 1214 2676; x_wconf 89' lang='lat' dir='ltr'>pendere</span> <span class='ocrx_word' id='word_1_174' title='bbox 1237 2593 1390 2678; x_wconf 87' lang='lat' dir='ltr'>dicemus,</span> 
     </span>
    </p>
   </div>
   <div class='ocr_carea' id='block_1_6' title="bbox 208 2748 1392 4604">
    <p class='ocr_par' dir='ltr' id='par_1_7' title="bbox 214 2748 1390 2912">
     <span class='ocr_line' id='line_1_22' title="bbox 303 2748 1390 2822; baseline 0.002 -18"><span class='ocrx_word' id='word_1_175' title='bbox 303 2754 330 2822; x_wconf 93' lang='lat'>1)</span> <span class='ocrx_word' id='word_1_176' title='bbox 353 2752 384 2805; x_wconf 93' lang='lat' dir='ltr'>ld</span> <span class='ocrx_word' id='word_1_177' title='bbox 408 2751 483 2821; x_wconf 91' lang='lat' dir='ltr'>quod</span> <span class='ocrx_word' id='word_1_178' title='bbox 506 2767 683 2821; x_wconf 85' lang='lat' dir='ltr'>nequaquam</span> <span class='ocrx_word' id='word_1_179' title='bbox 708 2750 768 2805; x_wconf 87' lang='lat' dir='ltr'>veri</span> <span class='ocrx_word' id='word_1_180' title='bbox 792 2749 904 2806; x_wconf 84' lang='lat' dir='ltr'>videtur</span> <span class='ocrx_word' id='word_1_181' title='bbox 926 2749 1032 2816; x_wconf 81' lang='lat' dir='ltr'>simile3</span> <span class='ocrx_word' id='word_1_182' title='bbox 1057 2750 1093 2804; x_wconf 87' lang='lat' dir='ltr'>cf.</span> <span class='ocrx_word' id='word_1_183' title='bbox 1112 2748 1250 2804; x_wconf 90' lang='lat' dir='ltr'>Zellerum</span> <span class='ocrx_word' id='word_1_184' title='bbox 1270 2752 1312 2820; x_wconf 79' lang='lat'>(1⁵</span> <span class='ocrx_word' id='word_1_185' title='bbox 1326 2755 1390 2821; x_wconf 80' lang='lat'>355)</span> 
     </span>
     <span class='ocr_line' id='line_1_23' title="bbox 214 2840 974 2912; baseline -0.003 -16"><span class='ocrx_word' id='word_1_186' title='bbox 214 2842 244 2896; x_wconf 88' lang='lat' dir='ltr'>et</span> <span class='ocrx_word' id='word_1_187' title='bbox 262 2841 438 2911; x_wconf 83' lang='lat' dir='ltr'>Tauueryum</span> <span class='ocrx_word' id='word_1_188' title='bbox 458 2843 495 2910; x_wconf 91' lang='lat' dir='ltr'>(p.</span> <span class='ocrx_word' id='word_1_189' title='bbox 509 2840 596 2896; x_wconf 88' lang='lat' dir='ltr'>l&#39;hist.</span> <span class='ocrx_word' id='word_1_190' title='bbox 612 2840 639 2896; x_wconf 91' lang='lat' dir='ltr'>d.</span> <span class='ocrx_word' id='word_1_191' title='bbox 652 2840 671 2895; x_wconf 93' lang='lat' dir='ltr'>l.</span> <span class='ocrx_word' id='word_1_192' title='bbox 687 2856 724 2896; x_wconf 87' lang='lat' dir='ltr'>sc.</span> <span class='ocrx_word' id='word_1_193' title='bbox 739 2841 808 2895; x_wconf 89' lang='lat' dir='ltr'>hell.</span> <span class='ocrx_word' id='word_1_194' title='bbox 821 2857 886 2910; x_wconf 85' lang='lat' dir='ltr'>pag.</span> <span class='ocrx_word' id='word_1_195' title='bbox 902 2843 974 2912; x_wconf 75' lang='lat'>206).</span> 
     </span>
    </p>

    <p class='ocr_par' dir='ltr' id='par_1_8' title="bbox 208 2927 1392 4604">
     <span class='ocr_line' id='line_1_24' title="bbox 302 2927 1390 3000; baseline -0.002 -16"><span class='ocrx_word' id='word_1_196' title='bbox 302 2933 331 3000; x_wconf 74' lang='lat'>2)</span> <span class='ocrx_word' id='word_1_197' title='bbox 350 2929 404 2996; x_wconf 79' lang='lat' dir='ltr'>Qui</span> <span class='ocrx_word' id='word_1_198' title='bbox 417 2931 558 2999; x_wconf 88' lang='lat' dir='ltr'>quomodo</span> <span class='ocrx_word' id='word_1_199' title='bbox 573 2929 607 2984; x_wconf 89' lang='lat' dir='ltr'>de</span> <span class='ocrx_word' id='word_1_200' title='bbox 618 2929 771 2984; x_wconf 86' lang='lat' dir='ltr'>Aristotele</span> <span class='ocrx_word' id='word_1_201' title='bbox 783 2928 890 2984; x_wconf 89' lang='lat' dir='ltr'>iudicet</span> <span class='ocrx_word' id='word_1_202' title='bbox 904 2929 997 2984; x_wconf 86' lang='lat' dir='ltr'>lacere</span> <span class='ocrx_word' id='word_1_203' title='bbox 1012 2945 1067 2984; x_wconf 87' lang='lat' dir='ltr'>non</span> <span class='ocrx_word' id='word_1_204' title='bbox 1079 2946 1202 2998; x_wconf 85' lang='lat' dir='ltr'>possum,</span> <span class='ocrx_word' id='word_1_205' title='bbox 1218 2928 1285 2997; x_wconf 90' lang='lat' dir='ltr'>quin</span> <span class='ocrx_word' id='word_1_206' title='bbox 1300 2927 1390 2998; x_wconf 89' lang='lat' dir='ltr'>ipsius</span> 
     </span>
     <span class='ocr_line' id='line_1_25' title="bbox 212 3018 1391 3089; baseline -0.003 -14"><span class='ocrx_word' id='word_1_207' title='bbox 212 3019 305 3075; x_wconf 86' lang='lat' dir='ltr'>verbis</span> <span class='ocrx_word' id='word_1_208' title='bbox 318 3019 478 3074; x_wconf 81' lang='lat' dir='ltr'>ostendam:</span> <span class='ocrx_word' id='word_1_209' title='bbox 497 3019 674 3088; x_wconf 59' lang='lat' dir='ltr'>‚Aristoteles</span> <span class='ocrx_word' id='word_1_210' title='bbox 687 3020 736 3072; x_wconf 81' lang='lat' dir='ltr'>bot</span> <span class='ocrx_word' id='word_1_211' title='bbox 748 3020 807 3072; x_wconf 82' lang='lat' dir='ltr'>sich</span> <span class='ocrx_word' id='word_1_212' title='bbox 819 3019 921 3089; x_wconf 48' lang='grc' dir='ltr'>φάττῃ</span> <span class='ocrx_word' id='word_1_213' title='bbox 935 3019 1012 3074; x_wconf 79' lang='lat' dir='ltr'>beide</span> <span class='ocrx_word' id='word_1_214' title='bbox 1025 3019 1134 3074; x_wconf 79' lang='lat' dir='ltr'>Lehren</span> <span class='ocrx_word' id='word_1_215' title='bbox 1146 3019 1211 3073; x_wconf 79' lang='lat' dir='ltr'>sind</span> <span class='ocrx_word' id='word_1_216' title='bbox 1224 3018 1391 3089; x_wconf 76' lang='lat' dir='ltr'>vollstdude&#39;p</span> 
     </span>
     <span class='ocr_line' id='line_1_26' title="bbox 212 3107 1391 3178; baseline -0.002 -15"><span class='ocrx_word' id='word_1_217' title='bbox 212 3109 391 3178; x_wconf 74' lang='lat' dir='ltr'>unabhaape&#39;p</span> <span class='ocrx_word' id='word_1_218' title='bbox 408 3125 462 3164; x_wconf 80' lang='grc' dir='ltr'><strong><em>οστι</em></strong></span> <span class='ocrx_word' id='word_1_219' title='bbox 480 3109 620 3162; x_wconf 60' lang='lat' dir='ltr'>cinam</span> <span class='ocrx_word' id='word_1_220' title='bbox 648 3108 723 3161; x_wconf 77' lang='lat' dir='ltr'>Mon</span> <span class='ocrx_word' id='word_1_221' title='bbox 739 3107 811 3163; x_wconf 75' lang='lat' dir='ltr'>wird</span> <span class='ocrx_word' id='word_1_222' title='bbox 829 3108 958 3175; x_wconf 70' lang='lat' dir='ltr'>aapeben,</span> <span class='ocrx_word' id='word_1_223' title='bbox 975 3109 1040 3173; x_wconf 67' lang='lat' dir='ltr'>dafua</span> <span class='ocrx_word' id='word_1_224' title='bbox 1058 3109 1129 3162; x_wconf 75' lang='lat' dir='ltr'>diere</span> <span class='ocrx_word' id='word_1_225' title='bbox 1141 3108 1319 3176; x_wconf 75' lang='lat' dir='ltr'>Ausfussunp</span> <span class='ocrx_word' id='word_1_226' title='bbox 1336 3123 1391 3161; x_wconf 72' lang='lat' dir='ltr'>aris</span> 
     </span>
     <span class='ocr_line' id='line_1_27' title="bbox 215 3195 1391 3268; baseline -0.004 -15"><span class='ocrx_word' id='word_1_227' title='bbox 215 3214 269 3253; x_wconf 78' lang='lat' dir='ltr'>von</span> <span class='ocrx_word' id='word_1_228' title='bbox 286 3199 335 3253; x_wconf 83' lang='lat' dir='ltr'>der</span> <span class='ocrx_word' id='word_1_229' title='bbox 348 3197 566 3268; x_wconf 76' lang='lat' dir='ltr'>Nolwende&#39;plcee&#39;t</span> <span class='ocrx_word' id='word_1_230' title='bbox 584 3197 689 3263; x_wconf 74' lang='lat' dir='ltr'>basreil,</span> <span class='ocrx_word' id='word_1_231' title='bbox 707 3198 781 3251; x_wconf 74' lang='lat' dir='ltr'>eim</span> <span class='ocrx_word' id='word_1_232' title='bbox 799 3211 852 3250; x_wconf 85' lang='grc' dir='ltr'><strong><em>οοτι</em></strong></span> <span class='ocrx_word' id='word_1_233' title='bbox 869 3196 966 3251; x_wconf 80' lang='lat' dir='ltr'>beiden</span> <span class='ocrx_word' id='word_1_234' title='bbox 978 3195 1110 3251; x_wconf 73' lang='lat' dir='ltr'>Parteiea</span> <span class='ocrx_word' id='word_1_235' title='bbox 1124 3197 1230 3264; x_wconf 76' lang='lat' dir='ltr'>Zwanp</span> <span class='ocrx_word' id='word_1_236' title='bbox 1248 3195 1391 3249; x_wconf 72' lang='lat' dir='ltr'>ananelum</span> 
     </span>
     <span class='ocr_line' id='line_1_28' title="bbox 214 3284 1392 3356; baseline -0.005 -13"><span class='ocrx_word' id='word_1_237' title='bbox 214 3289 279 3343; x_wconf 81' lang='lat' dir='ltr'>oder</span> <span class='ocrx_word' id='word_1_238' title='bbox 305 3288 416 3356; x_wconf 67' lang='grc' dir='ltr'><strong><em>,σιτίοισι</em></strong></span> <span class='ocrx_word' id='word_1_239' title='bbox 443 3285 702 3356; x_wconf 61' lang='grc' dir='ltr'><strong><em>Πιπίιίᾱίιίχίιιίίῌ]</em></strong></span> <span class='ocrx_word' id='word_1_240' title='bbox 730 3290 907 3342; x_wconf 69' lang='grc' dir='ltr'><strong><em>συνοίσουσι.</em></strong></span> <span class='ocrx_word' id='word_1_241' title='bbox 945 3284 1038 3340; x_wconf 81' lang='lat' dir='ltr'>Sicber</span> <span class='ocrx_word' id='word_1_242' title='bbox 1064 3286 1128 3340; x_wconf 81' lang='lat' dir='ltr'>sind</span> <span class='ocrx_word' id='word_1_243' title='bbox 1155 3284 1199 3338; x_wconf 83' lang='lat' dir='ltr'>die</span> <span class='ocrx_word' id='word_1_244' title='bbox 1228 3284 1392 3353; x_wconf 73' lang='lat' dir='ltr'>Geqensdtae</span> 
     </span>
     <span class='ocr_line' id='line_1_29' title="bbox 213 3372 1392 3440; baseline -0.004 -10"><span class='ocrx_word' id='word_1_245' title='bbox 213 3377 303 3431; x_wconf 69' lang='lat' dir='ltr'>bathea</span> <span class='ocrx_word' id='word_1_246' title='bbox 329 3377 390 3431; x_wconf 78' lang='lat' dir='ltr'>aad</span> <span class='ocrx_word' id='word_1_247' title='bbox 417 3376 523 3431; x_wconf 67' lang='lat' dir='ltr'>dritten</span> <span class='ocrx_word' id='word_1_248' title='bbox 545 3375 728 3440; x_wconf 65' lang='lat' dir='ltr'>serenitatem</span> <span class='ocrx_word' id='word_1_249' title='bbox 755 3390 786 3429; x_wconf 81' lang='lat' dir='ltr'>so</span> <span class='ocrx_word' id='word_1_250' title='bbox 812 3375 908 3429; x_wconf 80' lang='lat' dir='ltr'>arteilt</span> <span class='ocrx_word' id='word_1_251' title='bbox 935 3376 1006 3429; x_wconf 79' lang='lat' dir='ltr'>auch</span> <span class='ocrx_word' id='word_1_252' title='bbox 1029 3375 1201 3440; x_wconf 65' lang='lat' dir='ltr'>Arctoum,</span> <span class='ocrx_word' id='word_1_253' title='bbox 1224 3374 1272 3428; x_wconf 83' lang='lat' dir='ltr'>der</span> <span class='ocrx_word' id='word_1_254' title='bbox 1299 3372 1392 3428; x_wconf 73' lang='lat' dir='ltr'>diesen</span> 
     </span>
     <span class='ocr_line' id='line_1_30' title="bbox 216 3460 1390 3534; baseline -0.004 -14"><span class='ocrx_word' id='word_1_255' title='bbox 216 3465 393 3520; x_wconf 69' lang='lat' dir='ltr'>Ueterscbied</span> <span class='ocrx_word' id='word_1_256' title='bbox 410 3479 482 3533; x_wconf 77' lang='lat' dir='ltr'>paea</span> <span class='ocrx_word' id='word_1_257' title='bbox 499 3465 569 3519; x_wconf 82' lang='lat' dir='ltr'>wohl</span> <span class='ocrx_word' id='word_1_258' title='bbox 587 3464 822 3520; x_wconf 72' lang='lat' dir='ltr'>choratten&#39;siert:</span> <span class='ocrx_word' id='word_1_259' title='bbox 844 3460 1018 3534; x_wconf 72' lang='grc' dir='ltr'><strong><em>διωρισμένα</em></strong></span> <span class='ocrx_word' id='word_1_260' title='bbox 1041 3464 1154 3520; x_wconf 75' lang='lat' dir='ltr'>beiden</span> <span class='ocrx_word' id='word_1_261' title='bbox 1175 3463 1390 3534; x_wconf 75' lang='lat' dir='ltr'>Pythoporeern,</span> 
     </span>
     <span class='ocr_line' id='line_1_31' title="bbox 211 3551 1390 3624; baseline -0.004 -16"><span class='ocrx_word' id='word_1_262' title='bbox 211 3551 395 3624; x_wconf 63' lang='lat' dir='ltr'>cleopatrae</span> <span class='ocrx_word' id='word_1_263' title='bbox 414 3554 456 3610; x_wconf 81' lang='lat' dir='ltr'>bei</span> <span class='ocrx_word' id='word_1_264' title='bbox 475 3553 633 3608; x_wconf 76' lang='grc' dir='ltr'><strong><em>Δίίοιιιτιοιι.</em></strong></span> <span class='ocrx_word' id='word_1_265' title='bbox 665 3553 731 3607; x_wconf 80' lang='lat' dir='ltr'>Nar</span> <span class='ocrx_word' id='word_1_266' title='bbox 749 3555 814 3620; x_wconf 82' lang='lat' dir='ltr'>dass</span> <span class='ocrx_word' id='word_1_267' title='bbox 832 3569 860 3607; x_wconf 86' lang='lat' dir='ltr'>er</span> <span class='ocrx_word' id='word_1_268' title='bbox 879 3571 918 3608; x_wconf 82' lang='grc' dir='ltr'><strong><em>στι</em></strong></span> <span class='ocrx_word' id='word_1_269' title='bbox 936 3555 1023 3610; x_wconf 81' lang='lat' dir='ltr'>dieser</span> <span class='ocrx_word' id='word_1_270' title='bbox 1041 3552 1123 3608; x_wconf 76' lang='lat' dir='ltr'>Stella</span> <span class='ocrx_word' id='word_1_271' title='bbox 1140 3553 1296 3620; x_wconf 69' lang='lat' dir='ltr'>uberhaupt</span> <span class='ocrx_word' id='word_1_272' title='bbox 1314 3551 1390 3604; x_wconf 80' lang='lat' dir='ltr'>nicht</span> 
     </span>
     <span class='ocr_line' id='line_1_32' title="bbox 210 3639 1391 3712; baseline -0.005 -14"><span class='ocrx_word' id='word_1_273' title='bbox 210 3645 261 3698; x_wconf 77' lang='lat' dir='ltr'>mit</span> <span class='ocrx_word' id='word_1_274' title='bbox 278 3644 337 3698; x_wconf 86' lang='lat' dir='ltr'>dem</span> <span class='ocrx_word' id='word_1_275' title='bbox 354 3643 545 3710; x_wconf 80' lang='lat' dir='ltr'>Philosopbm,</span> <span class='ocrx_word' id='word_1_276' title='bbox 563 3643 681 3697; x_wconf 77' lang='grc' dir='ltr'><strong><em>τοοιίσιιι</em></strong></span> <span class='ocrx_word' id='word_1_277' title='bbox 694 3644 745 3697; x_wconf 78' lang='lat' dir='ltr'>mit</span> <span class='ocrx_word' id='word_1_278' title='bbox 759 3645 820 3698; x_wconf 82' lang='lat' dir='ltr'>dem</span> <span class='ocrx_word' id='word_1_279' title='bbox 834 3643 903 3696; x_wconf 75' lang='lat' dir='ltr'>Aret</span> <span class='ocrx_word' id='word_1_280' title='bbox 917 3642 1070 3698; x_wconf 79' lang='lat' dir='ltr'>Allemaeon</span> <span class='ocrx_word' id='word_1_281' title='bbox 1083 3658 1119 3696; x_wconf 83' lang='grc' dir='ltr'>ιν</span> <span class='ocrx_word' id='word_1_282' title='bbox 1132 3643 1202 3696; x_wconf 73' lang='lat' dir='ltr'>than</span> <span class='ocrx_word' id='word_1_283' title='bbox 1215 3642 1263 3696; x_wconf 79' lang='lat' dir='ltr'>but</span> <span class='ocrx_word' id='word_1_284' title='bbox 1277 3639 1391 3712; x_wconf 86' lang='lat' dir='ltr'>[contra</span> 
     </span>
     <span class='ocr_line' id='line_1_33' title="bbox 210 3729 1391 3802; baseline -0.006 -14"><span class='ocrx_word' id='word_1_285' title='bbox 210 3733 267 3788; x_wconf 88' lang='lat' dir='ltr'>dixi</span> <span class='ocrx_word' id='word_1_286' title='bbox 290 3732 327 3785; x_wconf 84' lang='lat' dir='ltr'>ad</span> <span class='ocrx_word' id='word_1_287' title='bbox 350 3732 448 3802; x_wconf 76' lang='lat' dir='ltr'>fragm.</span> <span class='ocrx_word' id='word_1_288' title='bbox 468 3729 559 3802; x_wconf 84' lang='lat' dir='ltr'>XXl]‚</span> <span class='ocrx_word' id='word_1_289' title='bbox 588 3732 639 3788; x_wconf 84' lang='lat' dir='ltr'>dos</span> <span class='ocrx_word' id='word_1_290' title='bbox 661 3731 711 3786; x_wconf 76' lang='lat' dir='ltr'>hut</span> <span class='ocrx_word' id='word_1_291' title='bbox 734 3749 762 3787; x_wconf 86' lang='lat' dir='ltr'>er</span> <span class='ocrx_word' id='word_1_292' title='bbox 786 3732 862 3786; x_wconf 78' lang='lat' dir='ltr'>nicht</span> <span class='ocrx_word' id='word_1_293' title='bbox 886 3732 1015 3798; x_wconf 75' lang='grc' dir='ltr'><strong><em>ιτίιστιιιι,</em></strong></span> <span class='ocrx_word' id='word_1_294' title='bbox 1044 3732 1104 3786; x_wconf 73' lang='lat' dir='ltr'>aad</span> <span class='ocrx_word' id='word_1_295' title='bbox 1125 3732 1187 3784; x_wconf 78' lang='lat' dir='ltr'>weil</span> <span class='ocrx_word' id='word_1_296' title='bbox 1211 3745 1239 3783; x_wconf 86' lang='lat' dir='ltr'>er</span> <span class='ocrx_word' id='word_1_297' title='bbox 1262 3745 1290 3784; x_wconf 87' lang='lat' dir='ltr'>es</span> <span class='ocrx_word' id='word_1_298' title='bbox 1314 3729 1391 3782; x_wconf 68' lang='lat' dir='ltr'>nield</span> 
     </span>
     <span class='ocr_line' id='line_1_34' title="bbox 210 3809 1390 3888; baseline -0.006 -11"><span class='ocrx_word' id='word_1_299' title='bbox 210 3823 501 3888; x_wconf 79' lang='grc' dir='ltr'><strong><em>ιτ1σιιιι1ι,ιστι’1ι’1ιιι</em></strong></span> <span class='ocrx_word' id='word_1_300' title='bbox 519 3821 823 3887; x_wconf 78' lang='lat' dir='ltr'>diereindusserlicte</span> <span class='ocrx_word' id='word_1_301' title='bbox 841 3809 1014 3875; x_wconf 71' lang='lat' dir='ltr'>Ahnlicbleeit</span> <span class='ocrx_word' id='word_1_302' title='bbox 1034 3822 1082 3875; x_wconf 83' lang='lat' dir='ltr'>der</span> <span class='ocrx_word' id='word_1_303' title='bbox 1101 3820 1197 3874; x_wconf 76' lang='lat' dir='ltr'>beiden</span> <span class='ocrx_word' id='word_1_304' title='bbox 1216 3818 1390 3882; x_wconf 76' lang='lat' dir='ltr'>Dauliamen,</span> 
     </span>
     <span class='ocr_line' id='line_1_35' title="bbox 209 3897 1390 3980; baseline -0.006 -15"><span class='ocrx_word' id='word_1_305' title='bbox 209 3911 341 3966; x_wconf 79' lang='lat' dir='ltr'>vielleicht</span> <span class='ocrx_word' id='word_1_306' title='bbox 358 3928 414 3966; x_wconf 77' lang='lat' dir='ltr'>nur</span> <span class='ocrx_word' id='word_1_307' title='bbox 432 3911 492 3964; x_wconf 82' lang='lat' dir='ltr'>weil</span> <span class='ocrx_word' id='word_1_308' title='bbox 511 3912 560 3965; x_wconf 79' lang='lat' dir='ltr'>ilm</span> <span class='ocrx_word' id='word_1_309' title='bbox 577 3912 622 3967; x_wconf 80' lang='lat' dir='ltr'>die</span> <span class='ocrx_word' id='word_1_310' title='bbox 639 3911 771 3980; x_wconf 77' lang='lat' dir='ltr'>zusdlle&#39;ye</span> <span class='ocrx_word' id='word_1_311' title='bbox 790 3897 1056 3976; x_wconf 70' lang='lat' dir='ltr'>Ubueimlirnmunp</span> <span class='ocrx_word' id='word_1_312' title='bbox 1074 3909 1113 3963; x_wconf 85' lang='grc' dir='ltr'>τὀι</span> <span class='ocrx_word' id='word_1_313' title='bbox 1133 3908 1287 3963; x_wconf 79' lang='lat' dir='ltr'>Worlluule</span> <span class='ocrx_word' id='word_1_314' title='bbox 1305 3905 1390 3974; x_wconf 77' lang='lat' dir='ltr'>(dyo-</span> 
     </span>
     <span class='ocr_line' id='line_1_36' title="bbox 209 3994 1392 4070; baseline -0.006 -16"><span class='ocrx_word' id='word_1_315' title='bbox 209 3999 267 4055; x_wconf 76' lang='grc' dir='ltr'>θὸτ</span> <span class='ocrx_word' id='word_1_316' title='bbox 286 3998 385 4068; x_wconf 77' lang='grc' dir='ltr'><strong><em>κακόν)</em></strong></span> <span class='ocrx_word' id='word_1_317' title='bbox 395 3999 428 4070; x_wconf 77' lang='grc'>[1]</span> <span class='ocrx_word' id='word_1_318' title='bbox 451 4000 506 4052; x_wconf 79' lang='lat' dir='ltr'>irre</span> <span class='ocrx_word' id='word_1_319' title='bbox 529 3999 627 4066; x_wconf 77' lang='lat' dir='ltr'>leitete,</span> <span class='ocrx_word' id='word_1_320' title='bbox 650 3997 751 4053; x_wconf 69' lang='lat' dir='ltr'>duriam</span> <span class='ocrx_word' id='word_1_321' title='bbox 775 3998 834 4052; x_wconf 79' lang='lat' dir='ltr'>aad</span> <span class='ocrx_word' id='word_1_322' title='bbox 856 4013 912 4052; x_wconf 73' lang='lat' dir='ltr'>aver</span> <span class='ocrx_word' id='word_1_323' title='bbox 934 3998 1036 4051; x_wconf 79' lang='lat' dir='ltr'>darum</span> <span class='ocrx_word' id='word_1_324' title='bbox 1058 3998 1108 4053; x_wconf 82' lang='lat' dir='ltr'>sab</span> <span class='ocrx_word' id='word_1_325' title='bbox 1125 4013 1155 4051; x_wconf 82' lang='lat' dir='ltr'>er</span> <span class='ocrx_word' id='word_1_326' title='bbox 1176 3996 1233 4051; x_wconf 77' lang='lat' dir='ltr'>sict</span> <span class='ocrx_word' id='word_1_327' title='bbox 1257 3994 1392 4059; x_wconf 72' lang='lat' dir='ltr'>versuum,</span> 
     </span>
     <span class='ocr_line' id='line_1_37' title="bbox 210 4083 1391 4158; baseline -0.008 -14"><span class='ocrx_word' id='word_1_328' title='bbox 210 4090 262 4144; x_wconf 78' lang='lat' dir='ltr'>deu</span> <span class='ocrx_word' id='word_1_329' title='bbox 281 4088 431 4143; x_wconf 76' lang='lat' dir='ltr'>Altmueca</span> <span class='ocrx_word' id='word_1_330' title='bbox 447 4087 507 4142; x_wconf 80' lang='lat' dir='ltr'>hier</span> <span class='ocrx_word' id='word_1_331' title='bbox 524 4089 770 4144; x_wconf 74' lang='lat' dir='ltr'>miteabelsaadeln.</span> <span class='ocrx_word' id='word_1_332' title='bbox 808 4087 859 4142; x_wconf 80' lang='lat' dir='ltr'>Als</span> <span class='ocrx_word' id='word_1_333' title='bbox 878 4104 907 4142; x_wconf 89' lang='lat' dir='ltr'>er</span> <span class='ocrx_word' id='word_1_334' title='bbox 932 4085 1059 4158; x_wconf 81' lang='lat' dir='ltr'>‹lann[?]</span> <span class='ocrx_word' id='word_1_335' title='bbox 1078 4086 1189 4152; x_wconf 72' lang='lat' dir='ltr'>meslete,</span> <span class='ocrx_word' id='word_1_336' title='bbox 1212 4086 1276 4150; x_wconf 66' lang='lat' dir='ltr'>druse</span> <span class='ocrx_word' id='word_1_337' title='bbox 1295 4100 1323 4138; x_wconf 81' lang='lat' dir='ltr'>er</span> <span class='ocrx_word' id='word_1_338' title='bbox 1348 4083 1391 4138; x_wconf 81' lang='lat' dir='ltr'>bei</span> 
     </span>
     <span class='ocr_line' id='line_1_38' title="bbox 209 4172 1389 4248; baseline -0.007 -16"><span class='ocrx_word' id='word_1_339' title='bbox 209 4179 266 4232; x_wconf 77' lang='lat' dir='ltr'>itm</span> <span class='ocrx_word' id='word_1_340' title='bbox 287 4178 445 4248; x_wconf 67' lang='lat' dir='ltr'>carmelus</span> <span class='ocrx_word' id='word_1_341' title='bbox 466 4175 715 4246; x_wconf 63' lang='lat' dir='ltr'>Ptrlosmrte&#39;sehes,</span> <span class='ocrx_word' id='word_1_342' title='bbox 737 4195 790 4248; x_wconf 81' lang='lat' dir='ltr'>par</span> <span class='ocrx_word' id='word_1_343' title='bbox 813 4177 890 4230; x_wconf 77' lang='lat' dir='ltr'>leina</span> <span class='ocrx_word' id='word_1_344' title='bbox 912 4177 1020 4238; x_wconf 74' lang='lat' dir='ltr'>retorsa</span> <span class='ocrx_word' id='word_1_345' title='bbox 1037 4175 1222 4244; x_wconf 74' lang='lat' dir='ltr'>Abyrmeaap</span> <span class='ocrx_word' id='word_1_346' title='bbox 1244 4173 1331 4240; x_wconf 71' lang='lat' dir='ltr'>fond,</span> <span class='ocrx_word' id='word_1_347' title='bbox 1353 4172 1389 4226; x_wconf 83' lang='lat' dir='ltr'>du</span> 
     </span>
     <span class='ocr_line' id='line_1_39' title="bbox 210 4261 1389 4340; baseline -0.007 -18"><span class='ocrx_word' id='word_1_348' title='bbox 210 4268 302 4322; x_wconf 76' lang='lat' dir='ltr'>warde</span> <span class='ocrx_word' id='word_1_349' title='bbox 319 4283 348 4320; x_wconf 85' lang='lat' dir='ltr'>er</span> <span class='ocrx_word' id='word_1_350' title='bbox 366 4269 427 4322; x_wconf 78' lang='lat' dir='ltr'>tdse</span> <span class='ocrx_word' id='word_1_351' title='bbox 443 4265 503 4320; x_wconf 79' lang='lat' dir='ltr'>send</span> <span class='ocrx_word' id='word_1_352' title='bbox 522 4267 598 4333; x_wconf 75' lang='lat' dir='ltr'>wass</span> <span class='ocrx_word' id='word_1_353' title='bbox 610 4267 668 4319; x_wconf 75' lang='lat' dir='ltr'>um</span> <span class='ocrx_word' id='word_1_354' title='bbox 686 4283 747 4320; x_wconf 82' lang='lat' dir='ltr'>vor:</span> <span class='ocrx_word' id='word_1_355' title='bbox 773 4266 939 4340; x_wconf 72' lang='grc' dir='ltr'><strong><em>ἀδιορίστως</em></strong></span> <span class='ocrx_word' id='word_1_356' title='bbox 957 4261 1098 4334; x_wconf 72' lang='grc' dir='ltr'><strong><em>ἀπέρριψε</em></strong></span> <span class='ocrx_word' id='word_1_357' title='bbox 1119 4262 1258 4332; x_wconf 76' lang='grc' dir='ltr'><strong><em>περὶτῶν</em></strong></span> <span class='ocrx_word' id='word_1_358' title='bbox 1276 4264 1389 4314; x_wconf 75' lang='grc' dir='ltr'><strong><em>λοιπῶν.</em></strong></span> 
     </span>
     <span class='ocr_line' id='line_1_40' title="bbox 209 4350 1391 4420; baseline -0.006 -10"><span class='ocrx_word' id='word_1_359' title='bbox 209 4355 284 4420; x_wconf 84' lang='lat' dir='ltr'>Doss</span> <span class='ocrx_word' id='word_1_360' title='bbox 302 4372 331 4410; x_wconf 85' lang='lat' dir='ltr'>er</span> <span class='ocrx_word' id='word_1_361' title='bbox 349 4357 405 4410; x_wconf 75' lang='lat' dir='ltr'>ihm</span> <span class='ocrx_word' id='word_1_362' title='bbox 422 4356 502 4409; x_wconf 78' lang='lat' dir='ltr'>daun</span> <span class='ocrx_word' id='word_1_363' title='bbox 520 4355 570 4410; x_wconf 75' lang='lat' dir='ltr'>mit</span> <span class='ocrx_word' id='word_1_364' title='bbox 584 4356 636 4410; x_wconf 83' lang='lat' dir='ltr'>den</span> <span class='ocrx_word' id='word_1_365' title='bbox 651 4353 873 4420; x_wconf 63' lang='lat' dir='ltr'>Scldustworleu,</span> <span class='ocrx_word' id='word_1_366' title='bbox 892 4371 958 4408; x_wconf 83' lang='grc' dir='ltr'><strong><em>οιαιι</em></strong></span> <span class='ocrx_word' id='word_1_367' title='bbox 971 4354 1059 4406; x_wconf 78' lang='lat' dir='ltr'>kdnne</span> <span class='ocrx_word' id='word_1_368' title='bbox 1077 4368 1130 4406; x_wconf 85' lang='grc' dir='ltr'><strong><em>οοτι</em></strong></span> <span class='ocrx_word' id='word_1_369' title='bbox 1149 4352 1205 4405; x_wconf 82' lang='lat' dir='ltr'>itm</span> <span class='ocrx_word' id='word_1_370' title='bbox 1223 4350 1391 4412; x_wconf 67' lang='lat' dir='ltr'>mineram,</span> 
     </span>
     <span class='ocr_line' id='line_1_41' title="bbox 210 4439 1391 4512; baseline -0.004 -14"><span class='ocrx_word' id='word_1_371' title='bbox 210 4442 253 4498; x_wconf 80' lang='grc' dir='ltr'>ὅτι</span> <span class='ocrx_word' id='word_1_372' title='bbox 271 4443 408 4498; x_wconf 78' lang='grc' dir='ltr'><strong><em>τάναντία</em></strong></span> <span class='ocrx_word' id='word_1_373' title='bbox 427 4441 512 4512; x_wconf 72' lang='grc' dir='ltr'><strong><em>ἀρχαὶ</em></strong></span> <span class='ocrx_word' id='word_1_374' title='bbox 531 4452 587 4498; x_wconf 82' lang='grc' dir='ltr'>τῶν</span> <span class='ocrx_word' id='word_1_375' title='bbox 606 4441 710 4511; x_wconf 81' lang='grc' dir='ltr'><strong><em>ὄντων,</em></strong></span> <span class='ocrx_word' id='word_1_376' title='bbox 739 4442 854 4498; x_wconf 77' lang='lat' dir='ltr'>Uareclel</span> <span class='ocrx_word' id='word_1_377' title='bbox 878 4443 950 4509; x_wconf 76' lang='lat' dir='ltr'>ttae,</span> <span class='ocrx_word' id='word_1_378' title='bbox 973 4442 1025 4496; x_wconf 84' lang='lat' dir='ltr'>das</span> <span class='ocrx_word' id='word_1_379' title='bbox 1043 4441 1091 4494; x_wconf 80' lang='lat' dir='ltr'>bol</span> <span class='ocrx_word' id='word_1_380' title='bbox 1109 4455 1138 4494; x_wconf 82' lang='lat' dir='ltr'>er</span> <span class='ocrx_word' id='word_1_381' title='bbox 1161 4439 1293 4496; x_wconf 83' lang='lat' dir='ltr'>enlweder</span> <span class='ocrx_word' id='word_1_382' title='bbox 1315 4439 1391 4495; x_wconf 79' lang='lat' dir='ltr'>nieht</span> 
     </span>
     <span class='ocr_line' id='line_1_42' title="bbox 208 4529 1048 4604; baseline 0 -16"><span class='ocrx_word' id='word_1_383' title='bbox 208 4533 325 4604; x_wconf 67' lang='lat' dir='ltr'>gemuli</span> <span class='ocrx_word' id='word_1_384' title='bbox 343 4534 408 4590; x_wconf 78' lang='lat' dir='ltr'>oder</span> <span class='ocrx_word' id='word_1_385' title='bbox 426 4532 502 4588; x_wconf 73' lang='lat' dir='ltr'>sicle</span> <span class='ocrx_word' id='word_1_386' title='bbox 522 4534 628 4588; x_wconf 67' lang='lat' dir='ltr'>vuerkin</span> <span class='ocrx_word' id='word_1_387' title='bbox 646 4533 707 4588; x_wconf 78' lang='lat' dir='ltr'>aad</span> <span class='ocrx_word' id='word_1_388' title='bbox 724 4533 842 4604; x_wconf 73' lang='lat' dir='ltr'>stapelen</span> <span class='ocrx_word' id='word_1_389' title='bbox 860 4531 956 4588; x_wconf 82' lang='lat' dir='ltr'>wellen</span> <span class='ocrx_word' id='word_1_390' title='bbox 967 4529 992 4602; x_wconf 79' lang='lat' dir='ltr'>[l</span> <span class='ocrx_word' id='word_1_391' title='bbox 999 4530 1048 4602; x_wconf 85' lang='lat'>1].“</span> 
     </span>
    </p>
   </div>
   <div class='ocr_carea' id='block_1_7' title="bbox 0 0 1684 5132">
    <p class='ocr_par' dir='ltr' id='par_1_9' title="bbox 0 0 1684 5132">
     <span class='ocr_line' id='line_1_43' title="bbox 0 0 1684 5132; baseline 0 2"><span class='ocrx_word' id='word_1_392' title='bbox 0 0 1684 5132; x_wconf 95' lang='lat' dir='ltr'> </span> 
     </span>
    </p>
   </div>
  </div>
 </body>
</html>
