3358 5132
699 369 917 431 ...25-

311 525 380 592 Nec
417 530 508 594 deest
540 551 602 593 vox
639 549 721 612 quse
758 528 812 593 hic
849 527 1050 594 desideratur
1086 528 1252 613 ἀλκμαίος.
1308 529 1394 596 Nam

224 633 407 719 Hesychius
440 635 610 720 ἀλκμαίος·
643 639 823 711 νεανίσκος.
871 635 942 710 Quo
978 636 1016 700 de
1049 659 1089 701 ne
1123 659 1195 700 oum
1229 634 1394 721 Stephano

223 741 423 827 (Thesaurus
443 740 459 806 Ι
479 740 577 829 1502)
596 740 733 827 ἀκμαῖος
752 741 935 826 corrigente
955 743 1083 808 dubites
1103 747 1237 808 monent
1253 742 1395 808 Bekkeri

224 848 412 913 anecdota]
432 850 506 930 376,
521 849 563 913 28
583 847 765 932 ἀλκμαίων·
790 849 947 934 ἰσχυρῶν,
970 850 1146 934 ἀνδρείων,
1165 853 1335 933 γενναίων.
1355 888 1390 896 -

223 953 372 1038 Denique
399 953 507 1038 ipsum
535 976 654 1019 nomen
682 958 789 1019 exstat
818 955 852 1018 in
880 977 1040 1021 marmore
1065 955 1182 1021 albano
1208 954 1323 1042 (lusor.
1347 978 1395 1042 gr.

224 1060 287 1126 Sic.
315 1064 347 1125 et
374 1060 448 1125 Ital.
472 1061 557 1126 1152
586 1059 719 1148 Kaibel)
746 1084 906 1145 nusquam
936 1086 951 1127 e
980 1068 1014 1127 et
1041 1087 1075 1127 αι
1102 1063 1189 1128 inter
1217 1085 1250 1126 se
1278 1064 1394 1148 permi-

224 1171 343 1250 scente,
366 1167 423 1231 ubi
441 1167 584 1232 invenies
603 1168 689 1232 inter
708 1167 874 1253 Euripidis
898 1169 1026 1233 fabulas
1050 1169 1171 1236 ibidem
1191 1175 1396 1235 enumeratas

223 1276 485 1338 ΑΛΚΜΑΙΩΝ.
530 1274 644 1357 Itaque
681 1276 789 1340 nescio
822 1299 879 1340 cur
912 1274 1122 1342 Crotoniatae
1158 1299 1277 1341 nomen
1305 1273 1396 1340 Ἀλκ-

224 1385 330 1465 μαίων
339 1379 364 1467 1)
387 1380 490 1446 fuisse
512 1402 677 1466 negemus.
725 1379 786 1445 Sed
810 1382 891 1447 haec
913 1382 1079 1448 hactenus.

311 1504 363 1569 Ex
395 1506 441 1570 eis
475 1526 556 1589 quae
589 1510 715 1570 restant
747 1507 856 1571 verbis
883 1506 996 1573 Ionica
1028 1513 1105 1573 sunt
1137 1512 1397 1593 ΚροτωνιΗτΗς

220 1615 318 1697 atque
354 1615 548 1696 ΠειμνθΟΤ.
595 1611 640 1676 Et
668 1616 856 1697 ΠΕΙρίθου
889 1615 1032 1698 quidem,
1065 1636 1139 1679 enm
1170 1616 1395 1700 productionis

220 1723 355 1804 propter
374 1718 472 1782 metri
491 1718 721 1784 difficultatem
740 1720 824 1803 apud
840 1721 949 1806 epicos
964 1723 1105 1786 usitatae
1112 1720 1138 1806 ²)
1154 1723 1397 1788 excusationem

222 1849 287 1891 non
302 1825 430 1909 habeat,
450 1825 528 1890 ferri
542 1847 608 1890 non
622 1847 718 1910 posse
734 1827 828 1891 docet
842 1827 1116 1894 Wilamowitzius
1131 1826 1257 1915 (Philol.
1280 1831 1396 1897 Uetere.

219 1931 285 1997 VII
306 1930 395 2019 324).
442 1932 549 2009 Quam
573 1932 759 2017 opinionem
789 1935 961 1999 confirmat
984 1933 1134 2001 Clemens
1159 1935 1396 2000 Alexandrinus

220 2037 347 2112 (strom.
379 2039 393 2102 l
423 2041 480 2122 26,
509 2041 550 2104 78
577 2036 761 2122 Ἀλκμαίων
794 2041 971 2125 Περίθου).
1019 2042 1133 2127 ltaque
1166 2042 1396 2108 Alcmaeonem

221 2149 373 2227 Περίθοα
394 2145 563 2230 scripsisse
583 2166 643 2229 pro
663 2149 751 2210 certo
770 2145 1072 2210 habemus-Iam
1091 2149 1270 2233 genitivum
1285 2171 1397 2213 casum

220 2256 396 2334 ΠερίθΟΤ
421 2253 507 2336 quod
535 2275 591 2317 -ov
621 2252 748 2336 syllaba
780 2252 950 2317 terminari
980 2253 1083 2338 vides,
1117 2277 1193 2320 cave
1222 2277 1239 2318 e
1267 2255 1396 2320 mitiore

219 2359 340 2425 Doride
364 2364 503 2444 repetas,
527 2381 602 2424 cum
625 2381 664 2422 ex
688 2359 882 2444 oppidorum
904 2359 993 2424 illius
1014 2361 1157 2446 regionis
1178 2362 1396 2426 Achaicorum

220 2467 488 2551 inscriptionibus
511 2467 709 2550 posteriores
736 2470 865 2530 tantum
892 2464 1131 2553 (oollitz1646
1155 2468 1222 2552 [tit.
1247 2467 1397 2553 Metap.];

219 2573 260 2638 cf.
283 2571 398 2637 titulos
422 2573 611 2638 Ithacenses
638 2573 737 2657 1673,
763 2574 860 2656 1676,
886 2570 987 2659 1677)
1010 2575 1189 2658 praebeant
1213 2598 1285 2657 -oo,
1308 2579 1396 2639 vetu-

222 2680 356 2744 stiorem
380 2684 490 2744 autem
513 2678 719 2744 Achaeorum
742 2680 896 2765 loquendi
920 2701 1044 2744 morem
1073 2680 1171 2745 liceat
1193 2701 1396 2766 cognoscere

219 2809 260 2851 ex
281 2785 347 2850 his:
371 2784 490 2851 Collita
513 2786 597 2851 1648
618 2783 803 2873 (Paestum)
822 2796 878 2863 τᾶς
896 2793 977 2870 θεῶ,
1003 2786 1088 2852 1599
1109 2783 1263 2873 (Achaia)
1280 2784 1396 2871 Ὀλυμ-

219 2897 296 2976 πίω,
322 2893 405 2958 1659
431 2890 673 2978 (Cephallenia)
693 2891 890 2976 Δαμαινέτω
914 2904 959 2957 τῶ
981 2893 1126 2977 Πάλεος,
1154 2894 1234 2958 1671
1262 2890 1395 2980 (titulus

221 3000 402 3065 Ithacensis
431 3000 599 3084 aliquanto
628 2997 804 3085 recentior)
833 3002 930 3081 τήνω.
961 3037 1001 3044 -
1031 2999 1177 3084 Denique
1210 3001 1396 3084 σαφήνειαν

220 3111 331 3171 utrum
359 3128 398 3170 ex
425 3107 532 3172 ionico
561 3109 745 3191 σαφηνείην
778 3104 832 3192 (cf.
862 3106 1024 3190 ἀληθείην
1053 3105 1138 3187 sim.)
1167 3129 1208 3170 an
1237 3129 1254 3171 e
1284 3107 1396 3172 dorico

225 3217 409 3298 ααφανείαν
433 3211 539 3301 (Pind.
558 3212 607 3277 01.
625 3212 657 3277 X
675 3211 732 3299 55)
757 3218 947 3298 corruptum
971 3213 1015 3277 sit
1039 3211 1102 3278 diei
1124 3213 1246 3296 nequit.

310 3337 437 3414 Quibus
456 3337 571 3403 formis
591 3337 707 3404 ionicis
732 3339 795 3403 duo
817 3339 950 3402 obstant
969 3337 1107 3422 doricae,
1130 3357 1269 3421 quarum
1293 3339 1396 3403 altera

309 3603 335 3672 1)
354 3600 400 3656 Sic
415 3616 525 3672 semper
539 3600 619 3656 audit
637 3601 712 3672 apud
728 3601 885 3672 scriptores.
914 3602 987 3655 Nam
1001 3601 1194 3657 'theodoretus
1213 3604 1280 3671 (cnr.
1296 3618 1391 3672 graec.

221 3689 266 3745 aff.
281 3689 293 3743 I
309 3697 341 3745 19
361 3689 447 3745 Gaisf.
457 3714 464 3745 :
476 3687 603 3761 Ἀλκμάν)
622 3691 658 3745 ab
677 3691 739 3760 ipso
754 3689 896 3746 Clemente
910 3693 1023 3746 auctore
1038 3707 1089 3745 suo
1102 3689 1286 3760 redarguitur.
1319 3691 1397 3746 Unus

220 3781 357 3835 Isocrates
373 3777 509 3849 Ἀλκμέων
528 3780 640 3849 scripsit
658 3782 727 3834 orat.
744 3779 794 3834 XV
808 3786 861 3835 268
885 3780 910 3834 si
933 3779 1002 3834 fides
1022 3780 1065 3833 eet
1088 3777 1179 3833 codici
1197 3778 1394 3847 Ambrosian03

220 3883 284 3922 narn
308 3867 394 3922 ceteri
417 3885 480 3922 oum
499 3867 636 3924 Urbinste
652 3866 816 3939 Ἀλκμαίων,
840 3885 904 3922 cum
927 3869 986 3939 ipse
1011 3867 1132 3922 Urbinas
1156 3884 1195 3923 or.
1216 3868 1278 3922 XVI
1299 3872 1334 3921 25
1352 3867 1397 3922 bis

217 3955 413 4028 Ἀλκμεωνίδαι
431 3962 507 4012 reete
526 3956 662 4026 praebeat
679 3961 712 4012 ut
730 3960 764 4013 de
779 3960 863 4030 gente
877 3957 981 4016 Attica.
1010 3957 1099 4013 Attici
1117 3957 1192 4013 enim
1212 3957 1279 4027 qnin
1294 3957 1396 4011 dicturi

221 4047 326 4102 luerim
340 4043 475 4115 Ἀλκμέων
494 4064 550 4102 nou
565 4042 716 4116 Ἀλκμαίων
741 4048 816 4103 haud
840 4046 956 4102 dubium
980 4047 1151 4118 reliquerunt
1169 4045 1396 4101 Meisterhansius

221 4137 386 4206 (Grammat.
411 4137 438 4194 d.
462 4143 510 4192 att.
534 4137 641 4191 Iusetr.
665 4153 730 4206 pag.
752 4139 797 4207 λδ)
825 4141 855 4191 et
878 4137 1089 4194 Kretschmerus
1114 4139 1151 4208 (d.
1174 4137 1271 4206 griect.
1297 4136 1397 4190 Vescu-

219 4227 382 4292 inclastro
405 4240 471 4294 pag.
492 4226 562 4292 123).
600 4223 813 4281 Kretschmerus
836 4225 926 4280 addit=
955 4226 1121 4292 „Wodareh
1147 4225 1192 4279 dic
1220 4225 1398 4279 literarium

221 4313 307 4370 Ferro
322 4311 473 4383 Ἀλκμαίων
484 4355 599 4368 .......
608 4314 761 4380 νωακλαίαί
780 4317 824 4380 ist,
843 4315 879 4370 ist
897 4316 974 4370 nicht
991 4331 1063 4385 gana
1080 4315 1158 4382 lelcr;
1176 4313 1248 4366 ἀοακ
1266 4313 1315 4367 der
1332 4318 1397 4382 spd-

220 4409 274 4458 lere
292 4402 511 4468 Zsessmmensall
527 4417 581 4456 νοκ
599 4421 629 4454 αι
647 4403 708 4458 καί
727 4421 740 4456 s
759 4403 844 4458 reicht
861 4418 912 4458 aar
930 4402 1093 4470 Ertldraay
1111 4401 1186 4456 nicht
1205 4403 1285 4456 aas.“

308 4491 336 4560 2)
356 4488 396 4543 Cf.
412 4489 497 4546 Wilh.
514 4489 632 4544 Schulse
651 4493 758 4562 quaest.
774 4488 870 4560 spicae
888 4507 952 4562 pag.
968 4495 1029 4546 221.
