3358 5132
697 325 914 388 ,29-

261 477 447 566 θῠύν<ης>τ
541 483 560 547 i.
580 506 610 566 a·
633 483 742 566 βάτην

260 588 508 672 θουρηταῐς[ἱ)]ε
538 590 576 654 αἱ
596 600 663 653 τῶν
687 586 779 674 ζῴων
802 587 913 673 μίξεις.

261 701 425 778 θουραῖθς
1012 705 1197 789 Hesychius
1222 729 1246 771 s.
1266 731 1314 773 vv.

260 805 422 885 θουραίηε
537 801 557 865 i.
577 825 605 886 q.
629 801 805 882 ὀρεκτικῶς
828 805 957 888 ἔχουσα.
1389 799 1392 804 ’

260 909 446 992 θούρητραε
537 909 557 972 i.
577 931 607 991 q.
632 909 731 992 ὀχεία.

216 1031 285 1096 Iam
305 1055 379 1098 curn
399 1053 510 1097 omnes
529 1032 588 1096 has
608 1055 702 1098 voces
722 1035 845 1120 ionicae
860 1057 930 1100 esse
951 1035 1161 1100 manifestum
1175 1035 1262 1123 sitl),
1281 1037 1390 1103 nescio

217 1160 258 1202 an
277 1137 349 1222 quis
369 1138 439 1202 veri
457 1139 555 1204 ducat
574 1138 690 1223 simile,
709 1161 775 1204 non
793 1139 865 1224 ipso
880 1140 1039 1206 vocabulo
1059 1141 1235 1225 primitivo,
1254 1143 1311 1207 sed
1325 1165 1392 1206 ver-

216 1245 331 1309 borum
351 1244 440 1309 exitu
460 1244 616 1310 dialectos
635 1245 772 1330 distare3
796 1269 873 1310 nam
897 1269 977 1331 quas
997 1248 1148 1332 vulgares
1167 1248 1307 1313 diximus
1327 1249 1392 1312 for·

218 1373 287 1416 mas
301 1373 415 1416 omnes
430 1374 450 1415 a
462 1354 566 1434 θορός
580 1352 743 1416 derivatae
758 1357 843 1437 sunt,
862 1357 978 1419 contra
991 1354 1115 1418 ionicae
1133 1377 1152 1417 a
1165 1357 1253 1438 θορή
1258 1379 1266 1419 :
1286 1377 1391 1419 nonne

218 1457 319 1543 igitur
337 1458 454 1523 Ionum
473 1458 611 1523 dialecto
635 1480 731 1522 nsum
754 1481 825 1523 esse
844 1461 1077 1526 Alcmaeonem
1100 1460 1392 1543 deprehendimus?

307 1581 493 1648 Cavendum
513 1586 622 1647 tamen
643 1605 713 1648 esse
731 1605 772 1648 ne
791 1607 874 1649 vano
893 1585 1011 1670 gaudio
1031 1585 1231 1649 exsultemus
1251 1586 1394 1650 ostendit

217 1689 374 1774 Hesychii
397 1690 478 1754 illud
503 1689 666 1774 Θοράτας·
687 1688 858 1755 Ἁπόλλων
886 1692 974 1776 παρὰ
998 1689 1183 1778 Λάκωσιῖ),
1211 1691 1295 1756 unde
1323 1713 1393 1776 per·

217 1797 364 1881 spicuum
388 1801 439 1860 est
466 1802 504 1860 nt
527 1796 622 1860 Iones
651 1818 729 1861 voce
757 1800 861 1880 θορή,
890 1799 937 1861 ita
961 1798 1065 1862 Dores
1093 1820 1172 1862 voce
1199 1799 1289 1882 θορά
1316 1821 1393 1863 usos

217 1925 286 1967 esse
306 1906 339 1968 et
356 1903 454 1968 huius
474 1903 587 1986 stirpis
605 1902 727 1966 formas
742 1902 917 1969 femininus
932 1927 1002 1969 esse
1020 1904 1251 1990 antiquiorum,
1270 1927 1393 1971 mascu-

216 2009 300 2074 linas
323 2010 542 2094 posteriorum
562 2007 760 2074 Graecorum
780 2011 934 2094 omniurn,
957 2011 1006 2074 ita
1029 2014 1067 2075 ut
1090 2015 1123 2074 et
1142 2009 1340 2094 ἀναχάσκειν
1359 2016 1392 2075 et

216 2117 304 2200 θορή
324 2120 438 2182 contra
454 2113 576 2180 Sittelii
591 2112 679 2202 (pag.
691 2116 804 2203 HOsq.)
825 2122 911 2181 certe
925 2117 1048 2183 faciant
1063 2117 1258 2202 opinionem.
1291 2117 1393 2193 Quae-

218 2223 301 2287 ritur
323 2223 427 2309 igitur
449 2226 560 2286 utrum
579 2221 826 2306 Theophrastus
850 2223 884 2287 in
902 2222 1111 2289 Alcmaeonis
1130 2223 1242 2289 libello
1261 2224 1392 2310 legerit:

215 2336 321 2414 θορῆς
340 2353 381 2394 au
399 2328 527 2413 θορᾶςῗ
564 2328 684 2392 Exstat
706 2329 740 2392 in
760 2330 981 2414 doxographis
999 2337 1115 2416 θορῆς.
1153 2331 1199 2395 At
1218 2332 1328 2396 nescio
1350 2354 1392 2395 an

217 2437 289 2520 quis
304 2436 392 2500 dicat
407 2435 544 2521 genitivi
559 2435 682 2499 exitum
695 2435 791 2500 illum
808 2461 861 2519 -ης
874 2460 940 2500 non
954 2438 1060 2501 solum
1075 2437 1202 2522 Ionum,
1221 2439 1277 2503 sed
1293 2439 1392 2502 etiam

218 2545 403 2610 Atticorum
431 2542 545 2627 fuisse,
573 2565 669 2626 quem
698 2565 772 2607 oum
800 2566 859 2608 suo
885 2545 1027 2609 sermoni
1054 2543 1161 2610 ionica
1184 2544 1392 2610 Alcmaeonis

216 2651 314 2715 verba
329 2653 466 2734 aptaret,
484 2650 524 2715 ad
539 2650 786 2715 similitudinem
801 2673 917 2716 vocum
932 2652 1035 2736 κούρη
1050 2655 1131 2735 κόρη
1147 2652 1392 2736 Theophrastus

217 2757 373 2822 finxisset.
411 2756 458 2820 At
481 2780 538 2840 per
562 2759 720 2840 θουρήεις
743 2764 907 2841 &copulor
931 2759 1002 2822 sim.
1025 2781 1104 2823 num
1127 2759 1225 2823 liceat
1249 2759 1393 2823 divinare

217 2863 317 2928 fuisse
337 2885 479 2948 unquam
494 2864 634 2927 radicem
650 2865 811 2947 quandam
825 2871 915 2949 aopr
929 2864 980 2950 (ut
994 2866 1090 2950 aopi)
1106 2866 1256 2950 equidem
1270 2866 1393 2930 dubito

215 2969 263 3036 Ut
281 2971 368 3035 enim
390 2970 652 3054 praetermittam
675 2992 802 3054 semper
826 2975 860 3034 et
879 2971 1083 3036 Herodotum
1106 2977 1140 3036 et
1159 2972 1392 3056 Hippocratem

216 3081 249 3140 et
266 3076 443 3142 Arataeum
465 3078 620 3162 praebere
640 3078 729 3160 θορή
748 3074 892 3163 (oopus),
915 3101 1076 3162 nusquam
1094 3081 1204 3164 θουρή
1225 3076 1392 3165 (hospita),

216 3206 255 3247 en
275 3183 346 3248 vide
366 3184 637 3268 quemadmodum
657 3183 742 3267 apud
761 3189 875 3268 poetas
900 3207 1028 3269 quoque
1050 3186 1130 3249 haec
1149 3185 1393 3248 fluctuaverint:

215 3289 387 3375 Lycophro
408 3292 473 3356 352
491 3297 632 3374 θυραῖος
651 3291 715 3356 598
734 3294 849 3374 topos,
872 3291 959 3356 idem
978 3293 1043 3356 612
1062 3291 1205 3375 θουράς;
1230 3289 1394 3355 Nicander

215 3397 281 3461 586
299 3404 449 3482 θοραῖος,
469 3396 635 3462 idem130
653 3397 791 3477 θουράς.
824 3396 936 3461 Etiam
957 3397 1156 3483 [Oppianus]
1177 3399 1197 3462 l.
1210 3398 1230 3460 l.
1250 3400 1391 3482 θορόεις.

216 3502 377 3568 Videntur
395 3504 499 3590 igitur
516 3503 735 3588 posteriorum
755 3509 901 3567 aetatum
921 3510 1036 3588 poetae
1044 3502 1070 3592 ³)
1089 3504 1270 3569 Homerum
1289 3503 1392 3568 secuti

215 3610 254 3673 ad
277 3609 375 3675 metri
401 3631 469 3674 non
497 3611 569 3675 dico
597 3609 827 3675 necessitatem
855 3610 911 3674 sed
940 3612 1222 3694 opportunitatem
1250 3611 1392 3694 priorem

216 3753 428 3760 —-—-—--..—

304 3823 330 3888 1)
356 3819 430 3874 Nam
453 3819 588 3888 Hesychii
615 3821 725 3890 glossas
753 3820 854 3875 ionicis
882 3836 897 3874 e
922 3821 1103 3890 scriptoribus
1127 3836 1188 3876 asse
1212 3821 1394 3890 depromptas

214 3908 352 3978 patefacit
370 3908 530 3978 epenthesis
548 3928 574 3979 q.
598 3928 624 3964 v.
643 3909 750 3978 ionica,
770 3912 799 3965 et
816 3909 846 3963 in
864 3909 1056 3980 Lycophronis
1074 3913 1196 3978 θυραῖος
1214 3928 1249 3964 ne
1268 3908 1393 3963 offendas

213 3996 374 4053 memineris
393 4001 513 4066 quantus
532 3997 581 4052 illa
601 3998 638 4052 sit
657 4005 828 4054 remotarum
847 3999 1005 4067 glossarum
1024 3998 1219 4072 investigator.

303 4089 330 4156 2)
353 4085 489 4142 Similiter
513 4087 659 4156 Lycophro
684 4095 736 4142 352
760 4087 922 4158 Apollinem
945 4087 1073 4158 appellat
1095 4088 1144 4143 τὸν
1167 4092 1290 4156 θυραῖον
1308 4083 1393 4154 dudm

212 4175 262 4231 nbi
281 4177 400 4231 annotat
419 4175 572 4230 scholiasta
590 4175 784 4246 σπερμογόννν
802 4175 851 4230 καὶ
868 4173 1043 4246 γεννητικόν.
1082 4175 1122 4230 Cf.
1138 4175 1265 4232 Gerhard
1284 4174 1394 4244 Mytto·

212 4267 282 4334 topic
299 4269 315 4330 5
330 4271 390 4332 307,
405 4269 431 4332 8,
446 4265 476 4330 ἀς
497 4264 731 4321 Preller-Robert
750 4266 857 4320 Gricct.
872 4265 962 4336 Myra.
983 4283 1046 4335 pag.
1067 4269 1127 4334 269,
1147 4271 1177 4330 43
1198 4269 1258 4330 730,
1278 4269 1307 4330 νς
1328 4264 1394 4318 Sam

213 4354 296 4408 wide
314 4355 420 4409 Leton.
436 4353 521 4408 Kulte
539 4369 604 4422 pag.
621 4359 663 4408 90.

301 4445 329 4512 3)
341 4441 473 4511 Hesychii
483 4441 619 4511 glossasa
634 4441 727 4513 poetis
742 4445 868 4512 sumptas
879 4459 941 4498 esse
956 4442 996 4497 nil
1007 4444 1051 4497 est
1065 4459 1113 4498 cnr
1128 4441 1222 4498 dicere
1238 4456 1394 4498 versamur.
