3358 5132
744 391 963 456 ,74-

268 553 323 621 aul
352 556 469 640 φιλίαν
496 552 532 620 ἐν
560 553 689 637 αὐτοῖς,
708 550 786 618 ’Ίων
815 549 846 617 d’
872 551 914 618 οὐ
940 554 1042 618 πλείω
1068 559 1186 636 τριῶν,
1212 547 1380 635 Ἀλκμέων
1410 547 1448 616 δὲ

269 663 332 729 δύο
355 664 441 747 μόνα
463 666 531 728 κτλ.

358 768 466 855 Diog.
486 767 614 833 Latrt.
633 765 715 832 VIII
734 767 792 834 83:
815 767 856 832 τὰ
878 765 1014 832 πλεῖστά
1031 762 1063 849 γ’
1086 765 1214 847 ίατρωαλ
1236 762 1335 849 λέγει,
1358 764 1448 849 ὅμως

271 873 309 943 δὲ
332 874 386 943 καὶ
410 880 608 961 φυσιολογεῖ
634 874 740 940 ἐνίοτε
766 878 873 957 λεγων
913 877 988 938 Avo
1012 895 1051 938 τα
1073 872 1181 938 πολλά
1204 870 1273 938 ἐστι
1299 881 1367 937 τῶν
1389 871 1448 937 ἀν-

269 987 461 1071 θρωαίνων.

358 1087 617 1156 Pa-Olemens
642 1087 740 1172 apud
762 1087 949 1154 Rufinum
973 1087 1162 1173 recognit.
1181 1086 1266 1151 VIII
1284 1086 1323 1151 15
1338 1083 1445 1174 (Dox.

270 1197 364 1288 250):
396 1197 575 1264 Alcmaeon
607 1195 857 1263 contrarietates
892 1193 1073 1280 (elementa
1106 1193 1342 1279 principiorum
1375 1216 1446 1259 esse

271 1304 374 1392 dicit).
397 1341 442 1352 —
1378 1311 1380 1314 ’

358 1411 398 1476 In
423 1409 611 1476 Aristotelis
633 1410 730 1475 huius
755 1408 917 1475 enuntiati
940 1408 1245 1494 interpretationem
1273 1408 1361 1493 παρὰ
1385 1403 1447 1492 μὲν

270 1513 332 1585 οὖν
355 1520 482 1585 τούτων
505 1517 632 1602 ἀμφοῖν
654 1526 815 1582 τοσοῦτον
840 1518 909 1581 ἔστι
934 1518 1066 1599 λαβεῖν,Ι
1092 1515 1143 1580 ὅτι
1166 1514 1323 1580 τάναντία
1347 1513 1446 1600 ἀρχαὶ

268 1636 336 1692 τῶν
360 1629 466 1692 ὄντων
490 1623 652 1690 Sanderus
675 1646 779 1709 nuper
801 1623 949 1688 invectus
977 1623 1105 1687 monuit
1133 1622 1238 1688 multo
1268 1622 1368 1688 latius
1391 1646 1447 1708 pa·

269 1738 337 1799 tere
364 1734 404 1798 ea
432 1734 511 1798 ὄντα
540 1753 638 1815 quam
665 1731 704 1796 τὰ
733 1728 945 1814 ἀνθρώπινα,
972 1729 1020 1794 ita
1048 1733 1085 1794 ut
1114 1730 1220 1794 bonus
1246 1729 1446 1796 Aristoteles

272 1860 400 1925 quoque
418 1837 581 1902 interdum
600 1837 778 1901 dormitare
797 1837 961 1920 putandus
982 1835 1035 1920 sit,
1053 1835 1116 1900 nisi
1135 1835 1221 1902 forte
1241 1837 1306 1902 alia
1323 1837 1447 1903 fuerint

269 1943 477 2012 Alcmaeonis
501 1944 601 2030 diota,
630 1965 710 2028 quae
738 1942 925 2009 huiusmodi
947 1943 1229 2028 interpretationis
1259 1944 1386 2030 copiam
1416 1944 1447 2008 ei

270 2051 425 2118 dederint.

360 2158 423 2224 Sed
441 2181 481 2224 ne
501 2159 642 2224 voluisse
662 2158 793 2245 quidem
812 2156 1005 2222 contendere
1019 2155 1233 2222 Aristotelem
1253 2158 1445 2223 crediderim

271 2278 348 2332 τῶν
375 2268 501 2330 ὄντων
528 2265 689 2350 principia
711 2263 942 2331 Alcmaeonem
969 2267 1102 2348 putasse
1127 2263 1299 2330 contraria.
1344 2263 1445 2330 Vides

270 2373 487 2440 Aristotelem
513 2372 576 2437 hoc
604 2372 738 2437 verbum
768 2393 805 2436 eo
834 2375 962 2436 tantum
990 2370 1062 2436 loco
1091 2371 1258 2458 adhibere,
1287 2394 1351 2456 quo
1379 2394 1446 2438 non

220 2568 222 2572 Α
273 2482 312 2546 de
336 2481 406 2546 solo
426 2479 633 2564 Alcmaeone,
656 2478 712 2544 sed
731 2479 769 2542 de
788 2477 1005 2564 Pythagoreis
1029 2479 1334 2563 quoque'loquitur.
1375 2477 1446 2545 Iam

271 2611 344 2654 cum
372 2610 439 2654 non
465 2588 499 2652 id
527 2591 657 2673 agatur,
687 2591 798 2651 utrum
825 2596 893 2651 τῶν
921 2587 1029 2652 ὄντων
1057 2609 1098 2651 an
1125 2596 1192 2650 τῶν
1220 2584 1447 2672 ἀνθρωπίνων

270 2695 432 2781 principia
460 2694 709 2760 contrarietates
738 2693 817 2778 sint,
851 2693 907 2758 sed
934 2693 968 2756 in
996 2714 1073 2758 voce
1102 2690 1236 2758 ἐναντία
1264 2693 1446 2759 sentcntiae

270 2804 320 2868 vis
343 2805 477 2884 totaque
503 2799 703 2883 comparatio
727 2800 835 2884 posita
860 2800 917 2884 sit,
944 2799 1008 2863 hoc
1030 2821 1180 2884 premens
1204 2799 1286 2864 illud
1309 2800 1445 2866 minoris

270 2910 323 2974 hic
348 2911 434 2974 certe
458 2907 615 2971 momenti
640 2927 709 2972 esse
734 2906 912 2971 arbitratus
936 2906 1045 2971 verbis
1073 2905 1230 2971 τάναντία
1257 2905 1356 2992 ἀρχαί
1379 2918 1446 2973 τῶν

271 3018 378 3081 ὄντων
401 3035 467 3078 non
491 3013 614 3078 addidit
639 3011 826 3098 (molestum
851 3013 937 3078 enim
962 3009 1047 3100 erat)
1070 3012 1091 3097 ἢ
1114 3023 1180 3077 τῶν
1204 3012 1443 3099 ἀνθρωπίνων,

274 3122 329 3188 sed
354 3125 390 3186 ut
413 3122 476 3187 hoc
500 3122 540 3186 ab
564 3121 637 3188 loco
662 3121 804 3186 alienum
829 3121 950 3187 omisit.
995 3118 1157 3185 Isocrates
1182 3124 1292 3185 autem
1320 3126 1354 3186 et
1377 3122 1447 3209 ipse

270 3230 310 3294 col
334 3230 413 3294 ὄντα
442 3227 620 3315 significari
649 3232 739 3293 ratus
769 3226 932 3315 (simodo
957 3231 1048 3291 ratus
1073 3224 1138 3312 est)
1167 3232 1291 3311 quanta
1313 3228 1358 3294 sit
1384 3229 1447 3294 fide

270 3358 365 3401 nemo
390 3334 453 3400 erit
477 3337 553 3419 quin
579 3358 595 3399 a
620 3339 775 3401 contextu
798 3335 863 3399 loci
886 3334 1002 3399 videat.

360 3441 533 3506 Praeterea
566 3464 663 3526 quam
700 3443 769 3527 ipse
806 3437 1000 3526 Sanderus¹)
1038 3440 1165 3526 profert
1197 3432 1447 3527 explicatIonem

271 3571 478 3634 nequaquam
501 3549 715 3634 probaverim.
762 3547 1009 3615 Contrariorum
1034 3547 1120 3612 enim
1144 3549 1292 3634 exempla
1315 3551 1356 3615 ab
1375 3550 1448 3617 Ari-

274 3657 393 3721 stotele
411 3656 511 3721 allata
526 3653 660 3744 (λευκὸν
675 3654 788 3740 μέλαν,
808 3657 913 3739 γλυκὺ
933 3658 1064 3741 πικρόν,
1083 3654 1214 3738 ἀγαθὸν
1232 3659 1346 3740 κακόν,
1364 3656 1447 3742 μέγα

272 3764 408 3850 μικρόν)
432 3765 473 3828 ad
496 3786 613 3848 corpus
637 3767 766 3828 tantum
784 3763 963 3828 humanum
982 3763 1143 3848 pertinere
1162 3762 1242 3828 vult.
1283 3761 1345 3830 Sed
1364 3764 1447 3830 hano

270 3870 575 3956 interpretationem
594 3869 711 3934 falsam
727 3891 796 3935 esse
816 3892 890 3934 cum
904 3870 969 3934 alia
983 3871 1101 3935 docent
1114 3873 1186 3936 tum
1200 3892 1296 3936 voces
1313 3870 1446 3954 ἀγαθὸν

273 3983 387 4063 κακόν,
411 4000 491 4065 quas
507 3977 618 4042 'ethica
636 3977 763 4042 ratione
782 3976 1011 4064 intelligendas
1031 3999 1102 4042 esse
1125 3978 1206 4041 mihi
1226 3977 1355 4061 quidem
1374 4000 1447 4044 con·

272 4090 347 4151 stat.
393 4084 479 4149 Nam
503 4085 550 4150 eis
573 4084 795 4150 locutionibus
824 4107 904 4170 quas
930 4084 1092 4150 Sanderus
1117 4084 1229 4149 laudat
1253 4088 1291 4149 ut
1314 4083 1447 4169 ἀγαθὸν

362 4265 388 4330 1)
409 4260 622 4332 Philippeorum
636 4260 665 4331 (l.
680 4260 700 4314 l.
715 4277 778 4331 pag.
796 4263 857 4332 185)
875 4262 908 4314 ut
921 4259 1032 4316 videtur
1047 4264 1168 4328 secutus,
1187 4259 1236 4329 qui
1252 4259 1295 4314 ‘In
1309 4259 1443 4316 hominis’

271 4351 362 4423 inquit
382 4352 540 4420 ‘corpore
559 4349 682 4420 plurima
700 4350 756 4404 duo
771 4353 843 4418 sunt,
863 4350 958 4405 album
978 4351 1007 4404 et
1023 4349 1143 4420 nigrum,
1162 4349 1244 4404 dulce
1264 4351 1293 4404 et
1310 4367 1447 4422 amarum,

271 4444 375 4497 bonum
390 4443 419 4496 et
432 4441 547 4508 malum,
566 4456 684 4510 parvum
699 4440 728 4493 et
742 4438 898 4508 magnum’.
928 4437 1076 4493 contrario
1092 4454 1184 4493 errore
1199 4437 1281 4494 Unna
1297 4441 1373 4510 (pag.
1388 4441 1448 4510 tt)r

273 4530 385 4586 ‘Ethica
403 4528 475 4584 ratio
495 4529 524 4583 in
542 4529 637 4584 oculos
656 4525 777 4583 incidit’.
