3358 5132
693 321 913 386 ,ςγ-

217 479 321 547 dicere
345 485 465 566 potest,
488 503 563 547 cum
582 483 731 548 sensibus
750 482 874 568 percipi
891 487 1044 568 nequeat3
1067 486 1178 547 tamen
1201 481 1389 548 coniectura

215 588 264 652 uti
289 587 418 653 silicet
442 585 497 676 (cf.
517 588 578 675 frg.
597 588 641 675 I),
666 594 764 674 caput
785 589 989 675 putabimus,
1013 594 1127 672 utpote
1155 590 1188 654 in
1214 611 1278 674 quo
1303 611 1390 654 cere-

216 695 310 762 brum
337 695 464 760 animae
487 697 579 762 sedes
608 695 706 782 sit.'¹)
753 695 843 772 Quae
871 697 1045 781 explicatio
1075 698 1174 762 etiam
1202 696 1390 762 amoribus

214 800 384 868 Plutarchi
413 806 446 866 et
469 800 639 869 Censorini
667 825 737 869 ease
765 804 901 870 ridetur.
946 803 1033 869 Nam
1057 802 1288 890 Censorinum,
1316 826 1391 869 cum

217 910 255 975 de
282 931 316 975 re
344 909 521 975 artioribus
554 909 674 974 finibus
707 908 958 994 circumscripta
989 908 1138 974 libellum
1171 915 1391 996 componeret,

216 1017 399 1082 accuratius
424 1037 594 1101 excerpere
616 1037 683 1082 non
706 1015 844 1102 taeduit3
871 1013 1076 1099 Plutarchus,
1100 1015 1152 1082 cui
1176 1017 1328 1084 omnibus
1353 1017 1391 1082 de

216 1124 314 1189 rebus
332 1123 530 1208 loquendum
550 1127 629 1208 erat,
654 1123 806 1187 brevitati
825 1122 988 1207 imprimis
1011 1144 1144 1207 operam
1162 1121 1253 1187 dedit
1271 1123 1391 1208 itaque,

215 1235 254 1294 ut
274 1231 371 1315 plura
394 1230 515 1296 ritaret
538 1230 646 1313 verba,
670 1229 780 1314 capita
799 1232 929 1294 tantum
949 1251 1058 1294 rerum
1082 1250 1180 1313 quam
1199 1229 1391 1295 brevissime

215 1341 345 1422 poterat
368 1337 511 1421 recipere
535 1336 615 1402 satis
638 1335 764 1401 habuit.
802 1337 873 1414 Qua
896 1335 934 1400 de
952 1358 987 1400 re
1011 1357 1179 1420 compares
1203 1334 1302 1400 velim
1324 1337 1392 1422 pla-

216 1445 282 1508 cita
300 1445 341 1509 ab
362 1450 500 1527 utroque
520 1447 650 1508 servata
668 1440 777 1530 (Gens.
797 1444 827 1528 6,
842 1444 862 1506 6
882 1447 915 1508 ct
933 1443 1007 1508 Act.
1024 1442 1053 1506 V
1071 1444 1170 1528 11,1;
1194 1440 1289 1508 Gens.
1303 1445 1333 1528 6,
1351 1442 1392 1508 10

215 1555 249 1615 et
271 1549 344 1616 Aet.
363 1550 393 1615 V
415 1551 499 1634 10‚1
525 1554 598 1634 etc,
623 1550 662 1614 cf.
681 1548 863 1616 Dielesium
886 1548 968 1615 Dox.
990 1549 1054 1614 195
1077 1546 1173 1636 init).

660 1755 793 1824 Fragm.
815 1755 944 1811 XVIII.

303 1888 466 1955 Aristot.
490 1889 691 1974 egenen.
713 1887 817 1973 1112,
843 1888 947 1954 7521)
967 1889 1024 1952 22:
1047 1899 1116 1964 τοῖς
1139 1884 1201 1972 μὲν
1224 1889 1288 1975 γὰρ
1312 1893 1391 1976 ζῳο-

215 1994 426 2081 τοκουμένοις
453 1995 491 2061 ἐν
517 1996 607 2083 ἄλλῳ
634 1997 740 2083 μορίῳ
768 1997 894 2077 γίνεται
921 1993 942 2076 ἡ
969 1995 1091 2080 τροφή,
1119 1996 1156 2060 τὸ
1182 1996 1391 2078 καλούμενον

214 2104 312 2186 μάλα,
340 2101 377 2168 ἐν
399 2113 468 2178 τοῖς
490 2111 637 2185 μαιετοϊςΙ
665 2112 735 2176 τοῖς
758 2099 786 2164 δ’
816 2103 925 2187 ὄρνισι
954 2110 1053 2167 τοῦτο
1076 2111 1165 2165 norst
1187 2100 1208 2183 ἡ
1231 2102 1332 2185 φύσις
1353 2100 1392 2165 ἐν
1471 2107 1476 2112 “

213 2222 283 2286 τοῖς
310 2207 404 2298 ᾠοῖς,
435 2208 633 2274 τούναντίον
664 2205 778 2292 με’ντοι
808 2207 828 2291 ἢ
857 2209 951 2274 οἵτε
978 2209 1153 2292 ἅνθρωποι
1182 2213 1309 2272 οίονται
1336 2203 1391 2272 καὶ

212 2312 396 2401 Ἀλκμαίων
419 2313 524 2400 φησὶν
548 2316 566 2380 ὁ
586 2314 828 2399 Κροτωνιάτης.
865 2315 907 2381 οὐ
925 2316 1046 2401 γὰρτὸ
1065 2317 1185 2380 λευκόν
1204 2313 1272 2379 ἐστι
1294 2313 1391 2398 μάλα,

215 2422 298 2488 ἀλλὰ
320 2425 356 2489 τὸ
380 2423 498 2508 ὠχρόν.
542 2431 641 2487 τοῦτο
668 2420 732 2505 γάρ
761 2419 852 2486 ἐστιν
878 2420 899 2503 ἡ
927 2424 1033 2507 τροφὴ
1062 2433 1131 2498 τοῖς
1158 2431 1311 2497 νεοττοῖς.
1358 2421 1395 2485 ol

214 2525 245 2592 δ’
272 2536 399 2595 οἴονται
421 2531 459 2595 τὸ
481 2529 601 2594 λευκὸν
625 2528 680 2592 διὰ
704 2529 765 2612 τὴν
789 2527 967 2612 ὁμοιότητα
990 2538 1051 2594 τοῦ
1074 2549 1253 2613 χροματος.

303 2652 544 2737 Philoponus
569 2654 615 2718 ad
632 2652 687 2717 l.l.
707 2649 813 2738 (edit.
832 2653 980 2719 Veneta
1001 2653 1169 2719 1526f01.
1189 2648 1280 2737 66*):
1301 2647 1391 2715 Ἀλκ-

214 2761 322 2842 μαίων
340 2753 371 2822 δ’
393 2757 411 2824 ὁ
427 2759 664 2844 Κροτωνιάτης
682 2759 738 2823 διὰ
757 2762 795 2825 τὸ
813 2759 898 2845 ὁρᾶν
915 2761 952 2824 τὸ
970 2768 1032 2825 τοῦ
1050 2755 1120 2847 ᾠοῦ
1139 2760 1259 2823 λευκὸν
1273 2757 1391 2841 ὅμοιον

213 2874 258 2952 τῷ
282 2866 418 2949 γάλακτι
442 2867 577 2951 (λευκὸν
600 2862 638 2929 δὲ
660 2875 759 2931 τοῦτο
782 2863 948 2953 κάκεῖνο),
976 2863 1062 2932 εἶναι
1088 2861 1125 2930 δὲ
1148 2867 1186 2930 τὸ
1208 2864 1294 2946 μάλα
1316 2887 1391 2948 τρο·

213 2975 293 3056 ιμήν,
317 2971 471 3057 ἐνόμισεν
494 2973 539 3050 ὡς
562 2969 617 3037 καὶ
640 2970 677 3037 ἐν
700 2982 769 3050 τοῖς
792 2971 871 3060 ᾠοῖς
892 2975 930 3038 τὸ
953 2969 1014 3058 μὲν
1038 2974 1159 3037 λευκὸν
1181 2973 1287 3057 τροφή
1311 2969 1391 3054 ἐστι,

212 3079 251 3142 τὸ
277 3074 308 3142 ‹l'
336 3079 443 3164 ὠχρὸν
473 3083 510 3144 τὸ
537 3090 605 3143 τῶν
632 3087 776 3144 νεοττῶν
804 3091 905 3162 σῶμα.
952 3080 1014 3145 οὐκ
1041 3081 1109 3143 ἔστι
1138 3077 1192 3161 δέ,
1222 3079 1267 3155 ὡς
1295 3073 1392 3153 οὗτος

213 3184 231 3248 ὁ
247 3181 432 3269 Ἀλκμαίων
451 3193 565 3269 οίεται,
584 3187 621 3250 τὸ
637 3187 757 3250 λευκὸν
775 3189 894 3270 τροφή,
913 3185 997 3250 ἀλλὰ
1015 3190 1143 3271 μᾶλλον
1161 3186 1199 3249 τὸ
1215 3183 1334 3269 ὠχρόν.
1351 3219 1388 3229 -

302 3308 536 3395 Philippsonus
555 3307 592 3395 (l.
607 3310 626 3372 l.
648 3307 736 3396 186),
755 3309 920 3375 Haeserus
941 3309 975 3394 (l.
992 3309 1037 3395 l.),
1055 3308 1202 3374 Littre‘us
1220 3307 1391 3396 (Hippocr.

213 3412 229 3476 Ι
259 3413 320 3501 14)
353 3438 522 3501 perperam
554 3419 690 3481 narrant
717 3414 949 3483 Alcmaeonem
980 3416 1129 3482 vitellum
1160 3415 1260 3501 pullis
1290 3415 1390 3479 nutri·

216 3527 325 3586 mento
354 3545 424 3588 esse
452 3527 584 3607 putasse
614 3527 727 3587 contra
756 3523 944 3608 opinionem
972 3524 1075 3608 vulgi,
1109 3522 1227 3608 quibus
1259 3525 1394 3607 propter

217 3629 334 3693 coloris
358 3651 432 3694 cum
455 3630 540 3695 lacte
564 3629 812 3694 similitudinem
835 3629 889 3695 ovi
912 3630 1024 3694 album
1045 3629 1136 3714 pullo
1155 3629 1392 3694 nutrimentum

215 3734 370 3818 praebere
391 3737 577 3821 placuisset.
619 3735 742 3801 Varum
766 3737 852 3821 apud
876 3736 1096 3822 Philoponum
1119 3736 1273 3802 invenies.
1321 3734 1394 3799 Fal-

216 3842 379 3909 sissimam
407 3844 493 3908 enim
522 3843 571 3908 illi
600 3847 782 3927 sequuntur
805 3843 1023 3928 complurium
1047 3841 1196 3909 codicum
1216 3841 1392 3908 lectionem

215 3948 256 4013 οὐ
279 3951 342 4035 γὰρ
365 3951 403 4015 τὸ
423 3952 542 4016 λευκὸν
565 3945 670 4014 εἶναι
694 3949 790 4034 μάλα,
815 3973 911 4035 quam
932 3972 992 4016 suo
1011 3952 1080 4015 iure
1099 3949 1288 4015 Bekkerum
1307 3967 1393 4032 spre-

214 4057 299 4122 visse
327 4057 502 4123 ostendunt
531 4080 612 4142 quac
640 4057 751 4141 paullo
780 4062 857 4143 post
884 4057 1040 4143 leguntur
1063 4057 1143 4146 (754
1163 4079 1183 4121 a
1202 4055 1235 4140 7)
1263 4056 1301 4121 τὸ
1329 4055 1393 4138 γὰρ

215 4161 278 4228 &ab
301 4173 357 4248 τῆς
380 4165 502 4250 μητρὸς
525 4167 704 4248 γινόμενον
727 4163 747 4248 ἡ
771 4166 879 4251 τροφὴ
902 4167 939 4230 τὸ
963 4167 1073 4252 ὠχρόν
1097 4163 1196 4229 ἐστιν.

304 4360 330 4426 1)
354 4358 433 4412 Idam
456 4357 580 4412 chlerus
605 4357 764 4427 significare
788 4359 899 4415 ridetur
921 4357 978 4415 hir:
1007 4357 1178 4428 „Plutarcho
1200 4355 1317 4426 Δαρεῖε
1342 4369 1395 4410 voa

216 4445 381 4502 θενεονίαιιε
399 4447 628 4516 τίνοιεοῖιιᾶα11“
648 4448 689 4516 (1⁶
704 4453 764 4518 489,
780 4451 816 4519 2).

1142 4535 1178 4590 ὃ*
