3358 5132
676 837 876 912 Altera
912 859 1057 934 para.
1160 811 1163 820 ’

817 998 905 1006 ——-.

754 1091 967 1179 Fragmenta.

773 1291 905 1360 Fragm.
924 1291 951 1346 1.

364 1422 487 1489 Ladrt.
507 1423 617 1510 Diog.
632 1423 714 1487 VIII
730 1424 786 1488 83:
801 1421 986 1508 Ἀλκμαίων
1000 1426 1235 1507 Κροτωνιήτης
1253 1424 1331 1489 τάδε
1351 1423 1451 1506 ἔλεξε,

274 1535 442 1615 Πειρίθου
465 1532 548 1614 υἱός,
570 1534 741 1619 Βροντίνφ
764 1529 820 1596 καὶ
843 1529 965 1596 Λέοντι
987 1529 1042 1596 καὶ
1064 1533 1247 1618 auocata·
1273 1529 1450 1617 Περὶτῶν

274 1637 442 1723 ἀφανέων,
464 1634 540 1721 περὶ
563 1647 631 1702 τῶν
652 1643 788 1720 θνητῶν
812 1640 995 1722 σαφήνειαν
1018 1634 1080 1722 μὲν
1098 1635 1175 1703 θεοὶ
1198 1640 1320 1722 ἔχοντι·
1344 1638 1389 1714 ῶς
1413 1635 1451 1702 δὲ

275 1744 467 1830 ἀνθρώποις
490 1746 725 1828 τεκμαίρεσθαι
748 1741 802 1808 καὶ
824 1744 864 1808 τά
888 1741 969 1827 ἑξῆς.
995 1781 1034 1790 -

364 1869 430 1935 Suo
453 1869 522 1935 iure
545 1870 722 1934 haeserunt
749 1869 812 1933 viri
836 1870 923 1936 docti
951 1869 986 1934 in
1009 1871 1144 1936 vocibus
1172 1868 1248 1954 περὶ
1276 1880 1343 1935 τῶν
1365 1877 1451 1954 θνη-

273 1987 352 2060 τῶν,
377 1999 459 2061 quae
478 1999 575 2042 sensu
595 1980 714 2042 carent.
751 1974 838 2052 Nam
862 1975 893 2042 ei
900 1975 926 2063 1)
950 1977 1019 2043 sine
1038 1977 1137 2042 dubio
1157 1981 1269 2043 errant
1292 1977 1348 2061 qui
1367 1997 1450 2061 quae

274 2083 396 2150 tradita
423 2089 500 2150 sunt
528 2082 650 2150 seruari
677 2105 773 2168 posse
802 2084 1017 2169 arbitrantur,
1046 2085 1109 2149 rati
1132 2084 1363 2149 Alcmaeonem
1391 2087 1450 2147 ant

273 2214 352 2257 voce
375 2191 532 2275 ἀφανέων
556 2191 666 2256 divina
692 2194 750 2254 aut
774 2213 851 2256 voce
874 2197 1011 2276 θνητῶν
1034 2215 1072 2256 ea
1101 2214 1184 2276 quae
1208 2191 1357 2256 sensibus
1380 2213 1451 2276 per-

275 2298 440 2383 cipiuntur
464 2298 672 2383 significasse.
710 2295 837 2362 Neutra
856 2298 942 2362 enim
961 2297 1189 2384 interpretatio
1210 2298 1279 2362 aine
1298 2295 1450 2362 molestia

275 2405 353 2476 ferri
381 2408 492 2489 potest
523 2427 626 2490 neque
659 2405 754 2470 facile
784 2408 835 2469 est
867 2403 1051 2492 intellectu,
1083 2428 1140 2471 cur
1172 2403 1350 2470 sentcntiae
1382 2404 1450 2469 vim

274 2531 427 2596 perversa
446 2511 652 2596 oppositione
677 2511 831 2576 Alcmaeo
850 2511 1085 2596 debilitaverit,
1112 2534 1186 2577 cum
1212 2511 1318 2577 solitis
1341 2509 1449 2576 verbis

278 2620 389 2705 eisque
413 2619 517 2684 multo
541 2617 802 2686 distinctioribus
829 2618 879 2682 uti
903 2616 933 2682 ei
955 2617 1093 2684 licuerit.
1138 2617 1253 2703 Neque
1276 2622 1387 2683 tamen
1409 2619 1450 2682 ad

275 2725 400 2811 Zelleri‚
419 2725 536 2792 Cobeti
556 2723 605 2811 (in
624 2722 749 2789 Laertii
768 2725 843 2789 edit.
861 2725 882 2789 l.
901 2723 947 2811 1.),
967 2724 1152 2810 Gomperzii
1171 2722 1310 2811 (Griecla
1326 2725 1451 2790 Denter

273 2830 389 2918 1119)
409 2839 523 2917 partes
548 2833 699 2897 accedam
727 2832 783 2916 qui
805 2832 1108 2916 interpretationem
1135 2832 1228 2897 illam
1251 2836 1338 2897 recte
1363 2854 1451 2916 sper·

273 2943 388 3003 nentes
412 2941 512 3004 rerba
535 2936 610 3022 περὶ
635 2949 701 3003 τῶν
724 2944 861 3021 θνητῶν
888 2944 926 3004 nt
949 2940 1149 3006 extrinsecus
1177 2938 1376 3024 interpolata
1399 2940 1450 3007 de·

274 3046 370 3112 lenda
401 3069 471 3112 csse
508 3050 640 3131 putant3
678 3069 875 3132 quamquam
908 3047 1007 3112 etiam
1039 3047 1104 3112 loa.
1132 3047 1239 3112 Iacob.
1267 3047 1449 3131 Reiskium,

274 3154 365 3219 cuius
385 3155 535 3240 egregiae
554 3155 588 3218 in
602 3153 770 3218 Laertium
785 3153 968 3239 Diogenem
988 3154 1282 3220 animadversiones
1302 3177 1319 3218 c
1339 3154 1449 3220 codice

274 3261 453 3327 Haunienei
481 3264 650 3346 excerptas
679 3261 713 3324 in
736 3260 876 3326 Hermae
904 3261 968 3327 vol.
991 3259 1100 3325 XXIV
1126 3262 1270 3346 302aqq.
1294 3280 1449 3347 magnam

274 3373 401 3453 partem
424 3368 549 3453 publici
571 3368 652 3432 iuris
676 3367 781 3432 factas
804 3367 959 3452 invenies,
983 3368 1135 3433 similiter
1152 3367 1219 3433 illis
1237 3369 1300 3434 hoc
1319 3368 1357 3434 dc
1376 3368 1448 3433 loco

176 3474 180 3482 ’
273 3476 434 3541 iudicasse
462 3474 625 3541 Dielesius
658 3499 722 3561 qua
749 3479 799 3541 est
832 3476 1036 3562 benignitate
1069 3477 1242 3542 certiorem
1274 3497 1326 3541 mc
1358 3473 1449 3538 facit.

275 3581 456 3649 Annotavit
489 3582 575 3648 enim
607 3582 642 3646 in
673 3583 896 3666 manuscripto
929 3605 988 3648 cuo
1020 3582 1133 3649 libello
1165 3582 1319 3648 Rciskius
1354 3582 1448 3646 haec:

274 3689 367 3754 ‘Post
389 3688 466 3775 περὶ
488 3700 555 3755 τῶν
578 3687 735 3772 ἀφανέων
759 3690 940 3756 addendum
963 3692 993 3774 η.
1039 3690 1152 3757 Nolim
1181 3694 1290 3756 tamen
1316 3692 1449 3756 conten-

273 3797 348 3861 dere
371 3797 451 3862 haec
470 3797 569 3862 verba
586 3817 653 3861 non
672 3801 729 3861 ant
748 3819 767 3860 a
785 3794 917 3862 Laertio
941 3802 998 3862 aut
1017 3799 1058 3863 ab
1077 3797 1143 3862 alio
1168 3798 1308 3882 quodam
1332 3795 1445 3862 scdulo

274 3905 396 3970 lectore
420 3902 601 3988 explicandi
626 3904 734 3989 gratia
756 3925 889 3988 aspersa
912 3902 1033 3969 fuisse?
1079 3903 1143 3979 Qui
1169 3925 1280 3970 omnes
1305 3903 1360 3987 qui
1383 3903 1448 3968 fac-

274 4016 346 4075 tum
374 4011 418 4075 sit
446 4014 483 4074 ut
510 4011 673 4096 glossema
705 4011 790 4094 qnod
823 4014 943 4095 putant
974 4009 1050 4097 περὶ
1077 4022 1143 4077 τῶν
1170 4018 1307 4096 θνητῶν
1340 4011 1447 4076 verbis

273 4113 348 4202 περὶ
367 4127 433 4182 τῶν
452 4115 607 4201 ἀφανέων
626 4117 798 4183 adderetur
816 4117 978 4201 explicare
996 4120 1185 4205 neglegunt.
1217 4117 1287 4184 Nec
1306 4118 1448 4183 multum

274 4279 487 4288 m-—n—-ae

364 4370 391 4438 1)
409 4367 454 4424 lta
472 4367 553 4422 Unna
576 4368 594 4422 l.
614 4365 634 4422 l.
653 4386 717 4438 pag.
737 4371 784 4435 θῶς
803 4367 881 4439 Krug
899 4367 1013 4438 Allqem.
1032 4366 1287 4424 Hoodwdrterbuclr
1304 4369 1331 4423 d.
1349 4368 1449 4436 pholoe.

279 4457 361 4518 War.
380 4476 401 4513 ε.
420 4476 447 4513 v.
469 4456 639 4529 Alkmacom
663 4459 859 4514 Dictiomaoirc
876 4459 923 4513 dea
940 4458 1057 4514 ειίιιιαιτ
1070 4459 1170 4530 philos.
1188 4459 1201 4511 I
1220 4475 1241 4513 ε.
1260 4476 1287 4513 v.
1303 4457 1449 4512 Alcmdoo.
