3358 5132
769 349 989 419 ..54-

294 515 465 579 videntur'.
511 513 574 580 Sed
601 505 723 580 conexa
750 537 820 580 esse
853 515 999 580 sensoria
1032 537 1106 581 cnm
1134 516 1267 581 cerebro
1299 515 1335 582 in
1363 519 1468 584 oculis

295 621 450 686 facillime
470 622 623 707 cognosci
641 622 758 707 potuit,
778 626 811 688 et
830 643 928 706 quam
942 621 1068 686 nonsit
1086 622 1205 687 mirum
1220 625 1347 707 πόρους
1361 627 1469 709 appel-

295 728 382 794 latos
406 749 475 796 esse
498 750 616 794 nervos
639 729 765 814 opticos
788 750 861 814 pag.
881 728 924 794 52
940 728 1089 812 ιοεὸοιιδὶ,
1113 751 1177 814 quo
1200 730 1333 797 nomine
1355 733 1404 796 uti
1428 755 1468 797 ne

296 834 512 919 Herophilum
536 835 680 920 quidem,
710 835 766 919 qui
791 835 914 921 primus
942 857 1024 920 quae
1045 840 1132 902 esset
1156 859 1331 903 nervorum
1351 843 1470 905 natura

295 942 462 1026 perspexit
476 942 657 1026 ceterisque
671 951 774 1029 νεῦρα
788 964 907 1008 nomen
921 942 1018 1028 dedit,
1034 943 1180 1029 piguisse
1195 942 1339 1010 Galenus
1354 949 1470 1012 auctor

298 1052 349 1112 est
373 1047 426 1134 (de
449 1070 511 1114 usu
532 1053 618 1133 part.
640 1047 672 1113 X
692 1049 733 1114 12
754 1081 794 1102 =
813 1047 864 1114 III
885 1049 950 1115 813
968 1049 1022 1136 K.;
1044 1050 1083 1116 de
1107 1054 1226 1138 sympt.
1246 1073 1332 1118 cans.
1351 1052 1367 1116 l
1386 1054 1406 1118 2
1428 1083 1469 1106 ==

294 1154 571 1243 Wfflm-
1311 1191 1313 1196 ·

383 1261 453 1327 leni
486 1265 648 1348 quomodo
681 1265 726 1348 μὴ
756 1270 803 1350 τῷ
836 1264 941 1354 ὁμοίῳ
974 1261 1029 1351 (cf.
1052 1265 1114 1351 frg.
1136 1261 1185 1351 Π)
1217 1287 1371 1331 sensuum
1396 1288 1470 1350 pcr-

295 1369 461 1454 oeptiones
488 1370 559 1435 fieri
587 1371 643 1436 ille
670 1371 836 1456 putaverit
868 1372 896 1436 si
925 1393 1093 1458 rogamus,
1125 1373 1244 1437 mirum
1274 1373 1310 1438 in
1336 1373 1471 1438 modum

295 1477 468 1562 respondet
489 1476 678 1562 Tanneryus
703 1476 801 1565 (pour
822 1477 922 1544 l’hist.
942 1479 970 1544 d.
989 1479 1010 1544 l.
1034 1480 1160 1545 science
1183 1479 1259 1546 hell.
1282 1502 1356 1567 pag.
1375 1480 1471 1566 213):

293 1605 332 1648 οκ
359 1605 398 1648 κε
424 1587 651 1666 comprcndroit
674 1587 768 1668 ραδνο
793 1591 943 1651 comment
969 1587 997 1652 lc
1022 1587 1149 1669 διὀοίμίε
1176 1587 1344 1654 d’Aristote
1375 1609 1472 1670 νοκμε

292 1691 440 1756 Alcme'oo
457 1693 565 1772 parmi
592 1712 667 1756 οενα
693 1693 769 1756 derit
795 1693 943 1775 l’optatoo
965 1699 1011 1759 est
1031 1693 1155 1778 oppose'c
1183 1695 1204 1758 δ
1233 1695 1304 1760 celle
1326 1694 1473 1776 d’Empe'-

294 1798 393 1862 docto.
409 1848 415 1860 .
432 1848 438 1861 .
453 1847 477 1880 .,
499 1798 528 1862 si
546 1797 608 1862 λὀκ
629 1819 668 1863 ne
684 1799 883 1881 s’opcrcecott
893 1821 957 1882 pas
979 1801 1056 1884 qu'tl
1073 1801 1216 1866 ίοάαολε
1238 1802 1472 1868 οποίαείυιιαεκί

295 1905 367 1969 δίο
385 1905 564 1970 distinction
587 1905 695 1970 ttoblie
709 1927 775 1990 por
788 1906 936 1972 Αίοικάικ
959 1913 1042 1972 entre
1065 1909 1098 1973 lo
1114 1909 1270 1976 sensatico
1291 1915 1320 1974 et
1337 1909 1470 1974 l’intelli·

291 2032 390 2095 peace.
437 2011 526 2088 Quae
550 2012 628 2096 quid
650 2012 734 2078 hene
758 2013 799 2078 ad
823 2013 1046 2098 quaestionem
1076 2015 1140 2081 sibi
1162 2015 1264 2081 velint
1285 2038 1401 2099 parum
1424 2016 1472 2080 in-

295 2118 420 2204 lolligo.

382 2224 575 2310 Atqui=non
597 2225 836 2311 inexplicabilis
864 2250 916 2292 res
944 2228 1025 2293 mihi
1052 2228 1180 2294 videtur
1208 2227 1370 2315 cogitanti
1397 2252 1473 2296 con·

295 2331 397 2400 traria
421 2333 531 2398 omnia
554 2333 588 2397 in
608 2355 743 2418 corpore
762 2335 904 2400 humano
928 2336 1034 2401 inesse
1053 2335 1281 2402 Crotoniatum
1305 2337 1471 2402 censuisse

295 2437 426 2528 (fragm.
449 2438 574 2527 XXII),
606 2440 653 2505 ita
685 2445 722 2506 ut
751 2442 779 2506 si
807 2443 899 2507 dulce
933 2443 1010 2526 quid
1038 2442 1143 2508 ederis
1177 2447 1275 2526 atque
1303 2448 1400 2509 aucta
1427 2445 1473 2510 sit

295 2545 399 2611 dulcis
427 2547 461 2612 in
488 2570 623 2633 corpore
651 2548 842 2635 multitudo,
868 2550 972 2614 ama'ri
1000 2551 1094 2634 copia
1121 2549 1216 2635 quasi
1243 2550 1392 2617 laborare
1415 2575 1473 2638 pu·

298 2653 397 2718 tanda
416 2654 461 2718 sit
480 2655 720 2720 contrariorum
738 2655 902 2741 aequitate
921 2656 1064 2721 turbata.
1101 2655 1223 2722 Eadem
1239 2656 1473 2744 Anaxagoram

296 2759 446 2825 docuisse
464 2769 577 2824 narrat
595 2760 840 2845 Theophrastus
860 2758 1133 2850 (Dox.507,16):
1152 2773 1198 2851 τῷ
1218 2761 1280 2848 μὲν
1297 2771 1413 2853 θερμῷ
1434 2767 1472 2831 τὸ

295 2869 438 2953 ψυχρόν,
460 2875 506 2953 τῷ
528 2863 558 2932 δ’
582 2866 717 2955 ἁλμυρῷ
740 2869 778 2933 τὸ
801 2871 954 2953 πότιμον,
976 2877 1022 2956 τῷ
1046 2866 1076 2933 δ’
1099 2868 1170 2947 ὀξεῖ
1187 2871 1224 2936 τὸ
1244 2874 1348 2954 γλυκὺ
1372 2868 1474 2958 (ἡμᾶς

165 3061 166 3064 ¹
295 2970 484 3061 γνωρίζειν)
512 2974 594 3040 κατά
616 2975 678 3058 τὴν
702 2977 849 3054 ἔλλειψιν
871 2979 933 3060 τὴν
955 2973 1105 3043 ἑκάστου.
1150 2977 1257 3043 πάντα
1283 2979 1347 3064 γάρ
1374 2978 1472 3044 ἐνυπ-

297 3082 412 3169 άρχειν
436 3078 545 3145 le'cclv
573 3077 694 3167 (πάντῃ
723 3081 761 3146 ci.
784 3079 926 3170 Usener)
955 3081 991 3147 ἐν
1019 3082 1110 3167 ἡμῖν.
1155 3083 1246 3150 Adde
1268 3084 1371 3150 Arist.
1393 3085 1472 3150 Eth.

298 3187 369 3253 Nic.
382 3185 447 3252 VH
464 3187 504 3253 15
518 3209 592 3274 pag.
610 3186 730 3252 1154b
747 3190 775 3254 7.
811 3187 851 3252 In
870 3192 995 3254 ceteros
1015 3211 1129 3255 sensus
1148 3191 1210 3256 hoc
1228 3214 1295 3258 non
1313 3193 1472 3277 quadrare

296 3318 337 3360 ne
357 3317 499 3380 moneor,
518 3295 589 3380 lege
608 3295 827 3379 Theophrasti
845 3295 926 3361 haec
945 3295 1043 3381 (Dox.
1061 3297 1138 3382 499,
1153 3295 1223 3384 11):
1241 3302 1391 3365 καθόλου
1410 3296 1472 3383 μὲν

299 3397 361 3467 οὖν
384 3399 460 3485 περὶ
483 3402 670 3484 αίσθήσεως
692 3397 790 3466 αὗται
812 3401 1056 3487 παραδέδονται
1079 3403 1172 3481 δόξαι
1196 3401 1278 3491 (scil.
1297 3414 1342 3493 τῷ
1366 3406 1471 3496 ὁμοίῳ

297 3511 354 3573 aut
372 3508 416 3592 μὴ
435 3515 481 3596 τῳ
500 3507 603 3595 ὁμοίῳ
627 3531 740 3573 sensus
759 3507 859 3593 fieri)·
882 3509 957 3595 περὶ
977 3507 1113 3595 ἑκάστης
1132 3508 1168 3575 δὲ
1186 3522 1254 3576 τῶν
1272 3513 1353 3577 κατὰ
1372 3512 1472 3599 μέρος

296 3616 332 3681 ot
357 3610 418 3699 ple
446 3615 541 3680 άλλοι
569 3617 689 3699 σχεδὸν
717 3614 972 3700 ἀπολείπουσιν,
999 3613 1222 3702 Ἐμπεδοκλῆς
1253 3615 1291 3683 δὲ
1320 3629 1472 3704 πειρᾶται

295 3719 350 3786 καὶ
373 3722 492 3799 ταύτας
515 3721 651 3805 ἀνάγειν
674 3723 721 3800 είς
743 3723 804 3807 τὴν
828 3723 1014 3807 ὁμοιότητα.

385 3828 577 3894 Extremum
599 3834 658 3912 est,
679 3833 716 3894 ut
738 3851 836 3914 quam
857 3830 943 3895 inter
965 3832 1133 3896 cerebrum
1154 3837 1189 3897 et
1206 3835 1351 3898 sensoria
1373 3835 1472 3900 retio-

295 3957 371 4000 nem
391 3933 590 4001 intercedere
608 3937 774 4020 putaverit
792 3958 993 4022 quaeramus.
1027 3938 1205 4004 Oculorum
1220 3941 1410 4025 auriumque
1425 3943 1471 4008 in-

296 4043 385 4108 doles
406 4042 482 4108 talis
503 4046 563 4128 est,
584 4046 622 4107 ut
642 4064 740 4109 sonus
758 4044 794 4108 in
812 4043 885 4128 ipso
907 4045 994 4110 auris
1015 4066 1102 4128 cavo,
1127 4047 1216 4111 visus
1235 4047 1269 4110 in
1288 4047 1359 4131 ipso
1377 4051 1471 4115 oculo

296 4150 430 4216 oriatur.
466 4149 583 4235 Itaque
607 4151 730 4215 cerebri
754 4151 883 4216 videtur
907 4151 1044 4237 efficere,
1068 4156 1104 4216 ut
1123 4175 1160 4216 ea
1185 4176 1267 4240 quae
1286 4155 1337 4219 vel
1357 4157 1472 4222 oculus

297 4257 376 4322 vidit
404 4258 455 4323 vel
482 4280 576 4323 aures
603 4258 775 4323 audierunt
803 4255 986 4324 accuratius
1015 4258 1263 4345 distinguamus.
1312 4259 1473 4329 Similiter

297 4369 411 4430 auctor
430 4365 469 4431 de
488 4365 548 4432 loc.
567 4365 602 4430 in
620 4366 707 4432 hom.
728 4366 750 4429 2
769 4361 815 4451 (V
834 4367 898 4431 278
918 4364 980 4454 L),
1003 4388 1100 4451 quem
1118 4366 1326 4434 Alcmaeonis
1348 4370 1472 4436 librum

297 4471 508 4557 exscripsisse
528 4495 626 4566 supra
644 4473 797 4538 vidimus:
821 4484 953 4564 πρῶτον
974 4472 1181 4562 διατέτρηται
1198 4469 1220 4562 ᾗ
1239 4476 1472 4562 εἰσακούομεν·
