3358 5132
698 328 918 392 ...63-

219 509 269 564 τις
297 484 437 571 ἐπιτάμῃ
464 487 580 568 ἄγονοι
608 490 780 571 γίγνονται
809 488 844 552 οἱ
869 485 1118 571 §carpnttum-3
1147 509 1185 552 ac
1212 487 1294 554 mire
1323 509 1396 554 con·

220 593 366 658 sentiunt
399 614 481 677 quae
508 593 663 680 leguntur
694 595 729 658 in
754 593 867 659 libello
895 593 951 678 qui
978 593 1169 659 inscribitur
1196 593 1396 680 Hermippus

220 698 259 764 de
283 699 464 785 astrologia
486 721 559 786 pag.
582 702 633 787 19,
653 701 691 765 ll
717 700 786 766 edd.
804 697 1061 766 Viereclr-Kroll.

308 823 387 888 Fuit
410 824 514 910 igitur
536 847 610 890 cum
631 825 707 891 huic
727 847 817 890 meae
837 825 1042 890 coniecturae
1066 826 1263 909 plauderem.
1304 826 1350 891 At
1369 827 1397 892 si

219 954 331 997 semen
356 932 507 996 omnibus
535 932 574 997 de
602 933 749 1016 corporis
772 933 921 1017 partibus
949 931 1089 996 defluere
1118 954 1193 996 cum
1217 929 1396 998 Censorino

219 1041 382 1124 putamus,
405 1037 567 1123 liquorem
586 1061 656 1104 essa
675 1039 820 1105 dicamus
845 1042 975 1123 oportet
998 1051 1015 1102 e
1036 1061 1142 1124 carne,
1165 1040 1316 1106 medullis
1335 1045 1396 1104 etc.

221 1149 396 1229 secretum3
429 1145 481 1210 sin
508 1143 677 1211 Plutarchi
711 1146 877 1231 sequimur
909 1145 1109 1231 opinionem,
1141 1169 1207 1211 non
1234 1145 1394 1230 liquorem

220 1274 237 1316 c
261 1251 393 1317 cerebro
416 1250 625 1338 defluentem,
654 1253 710 1317 sed
732 1251 836 1337 ipsius
860 1251 984 1317 cerebri
1007 1255 1135 1336 partam
1162 1250 1393 1337 intelligemus.

219 1357 335 1442 Itaque
358 1357 393 1424 in
415 1382 516 1425 unum
540 1357 694 1426 confundi
716 1359 840 1444 placita
861 1359 919 1424 illa
942 1355 1149 1445 nequeunt.¹)

310 1481 372 1548 Sed
394 1484 463 1548 utri
485 1485 566 1550 fides
588 1484 759 1549 habenda?
805 1483 994 1569 Tanneryus
1017 1481 1053 1570 (l.
1071 1483 1092 1547 l.
1114 1505 1189 1569 pag.
1210 1485 1291 1570 217)
1315 1483 1395 1550 (len-

218 1589 320 1655 sorini
343 1613 363 1654 a
384 1591 536 1676 partibus
559 1595 637 1677 stat,
660 1592 717 1657 sed
739 1591 774 1656 in
796 1614 835 1656 eo
858 1595 989 1656 tantum
1011 1590 1140 1674 nititur,
1166 1591 1293 1674 quode
1316 1613 1394 1657 voce

217 1696 417 1783 ἡγεμονικόν
437 1699 530 1764 illam
549 1700 588 1764 da
608 1699 739 1765 cerebro
759 1698 886 1763 animae
905 1698 980 1763 sede
999 1697 1188 1781 opinionem
1203 1695 1394 1764 Alcmaeoni

218 1826 284 1869 non
316 1826 387 1871 esse
420 1805 628 1872 tribuendam
660 1805 723 1871 sibi
758 1805 930 1890 persuasit.
977 1805 1023 1869 At
1055 1804 1127 1868 ride
1161 1805 1206 1869 sis
1239 1827 1321 1890 quae
1354 1807 1394 1870 ad

218 1911 335 1997 fragm.
354 1910 437 1976 VIII
461 1913 617 1978 annotari
639 1909 727 1998 (pag.
747 1908 816 1997 50).
861 1911 935 1997 Ilgo
959 1911 1124 1976 contraria
1147 1911 1201 1976 ria
1227 1911 1394 1997 ingressus

219 2018 262 2082 ob
285 2019 390 2102 ipsam
415 2021 541 2084 cerebri
564 2018 765 2084 mentionem
786 2018 884 2083 Aetio
907 2017 1051 2102 palmam
1074 2017 1217 2082 tribuere
1241 2019 1335 2082 malo.

680 2243 813 2314 Fragm.
837 2241 934 2300 xm.

309 2374 464 2442 Censor.
482 2378 522 2464 d.
548 2376 577 2443 d.
605 2380 679 2443 nat.
708 2376 743 2462 5,
760 2377 796 2440 4:
824 2376 911 2442 Illud
939 2398 1068 2462 quoque
1097 2376 1286 2462 ambiguam
1313 2375 1394 2442 lacit

218 2480 305 2548 inter
344 2487 494 2550 auctores
532 2483 732 2568 opinionem,
768 2487 920 2548 utrumne
956 2504 996 2547 cx
1026 2482 1130 2566 patris
1168 2483 1394 2570 tantummodo

218 2589 340 2654 semine
358 2594 473 2675 partus
487 2595 649 2674 nascatur,
668 2595 706 2654 ut
718 2588 884 2675 Diogenes
903 2593 937 2653 et
950 2587 1086 2675 Hippon
1104 2586 1272 2674 Stoicique
1290 2589 1395 2677 scrip·

213 2700 340 2781 serunt,
371 2720 413 2764 an
437 2698 538 2763 etiam
561 2721 601 2762 ex
624 2696 753 2776 matris,
788 2697 875 2781 quod
895 2694 1112 2782 Anaxagorae
1138 2699 1172 2761 et
1198 2696 1389 2762 Alcmaeoni

216 2825 365 2869 necnon
387 2803 575 2870 Parmenidi
597 2804 854 2890 Empedoclique
878 2807 912 2869 et
933 2803 1078 2888 Epicuro
1101 2802 1208 2868 visum
1233 2806 1292 2868 est.

683 3047 815 3115 magn.
838 3045 930 3101 nv.

307 3175 461 3246 Censor.
480 3181 510 3244 d.
529 3180 558 3244 d.
575 3183 651 3244 nat.
671 3181 700 3263 6,
720 3179 754 3244 4:
778 3179 830 3243 Ex
849 3201 913 3263 quo
937 3185 1071 3262 parente
1095 3177 1228 3242 seminis
1252 3177 1394 3262 amplius

216 3285 291 3372 fuit,
313 3286 382 3350 cius
406 3308 520 3352 sexum
543 3285 780 3371 repraesentari
803 3285 886 3350 dixit
908 3282 1072 3351 Alcmaeo.
1098 3321 1137 3331 -

306 3393 495 3480 Tanneryus
534 3391 570 3481 (l.
591 3395 612 3458 l.
640 3416 714 3480 pag.
738 3391 820 3480 215)
854 3394 939 3458 hanc
973 3392 1160 3478 opinionem
1194 3391 1394 3456 simillimam

216 3523 287 3566 esse
315 3501 395 3568 dicit
424 3501 656 3569 Parmenideaa
685 3502 796 3566 cadom
829 3500 868 3566 de
896 3521 930 3564 re
963 3499 1153 3566 sententiae.
1202 3497 1265 3564 Sed
1298 3519 1394 3583 quam

217 3607 272 3672 ille
290 3609 538 3676 Parmenideam
557 3631 628 3674 esse
647 3611 751 3692 putat,
774 3605 1017 3673 Democriteum
1036 3629 1106 3672 esse
1127 3605 1272 3671 ostendit
1290 3603 1396 3669 Diale

216 3715 284 3780 sins
308 3714 470 3804 (Doxogr.
491 3712 579 3802 191).
623 3715 673 3780 Ac
695 3736 736 3778 ne
760 3712 941 3779 Democriti
970 3713 1101 3797 quidem
1128 3712 1289 3798 placitum
1315 3711 1395 3775 satis

219 3844 396 3910 congruere
422 3823 516 3888 docet
539 3821 737 3887 Aristoteles
767 3821 795 3886 d.
823 3842 895 3906 gen.
920 3842 969 3884 an.
994 3819 1042 3885 IV
1063 3823 1096 3906 1,
1115 3819 1181 3883 764
1204 3843 1225 3884 a
1251 3818 1291 3884 10
1319 3817 1396 3883 ὁπο-

215 3927 313 4014 τέρου
345 3929 388 3997 ἂν
419 3931 565 4014 κρατήσῃ
594 3930 631 3993 τὸ
660 3925 789 4013 σπέρμα
823 3927 865 3992 τὸ
896 3925 970 3991 ἀπὸ
1004 3936 1074 3992 τοῦ
1103 3929 1247 4011 μορίου
1278 3924 1399 3989 ἐλθὸν

215 4028 242 4124 pl
274 4035 492 4123 διαφέρουσιν
520 4034 674 4117 ἀλλήλων
702 4036 740 4100 τὸ
768 4040 858 4118 θῆλυ
887 4029 941 4097 καὶ
970 4036 1007 4098 rb
1034 4033 1137 4119 ἄρρεν
1170 4030 1255 4119 (eius
1283 4052 1396 4096 sexum

215 4139 478 4228 repraesentari).

307 4375 334 4446 1)
353 4371 491 4430 Similiter
505 4374 582 4428 emt
594 4371 718 4429 Galenus
733 4373 782 4443 qui
796 4372 998 4442 Hippocratem
1013 4369 1112 4426 eadem
1125 4367 1161 4424 da
1176 4368 1283 4426 semina
1297 4369 1397 4424 docere

216 4461 279 4520 vult
287 4464 371 4532 atqua
382 4461 531 4518 Platonem
542 4459 728 4534 (Daremberg
737 4463 761 4517 le
769 4460 959 4518 commentaire
967 4461 1000 4516 da
1009 4459 1168 4516 Geticam
1177 4460 1201 4516 le
1212 4457 1299 4514 Ilm
1308 4475 1336 4528 p.
1343 4461 1397 4530 tt).
