3358 5132
783 401 1003 465 ..70-

398 566 487 643 Quae
512 587 586 649 eum
614 564 662 629 ita
685 563 765 649 sint,
792 584 859 629 non
886 561 981 628 video
1008 583 1066 627 cur
1092 561 1189 626 huius
1217 563 1305 626 certe
1334 557 1486 646 capitis1)

307 674 464 749 lemmata
491 673 626 738 turbata
651 693 722 736 esse
750 691 947 736 censeamus.
992 668 1106 754 Neque
1134 669 1312 754 quidquam
1339 668 1488 754 proficie-

310 803 394 866 mus,
416 779 445 845 si
467 779 583 845 lacuna
607 778 760 864 quadam,
788 799 886 862 quam
909 777 996 842 inter
1018 775 1226 842 Alcmaeonis
1250 798 1369 841 nomen
1392 779 1425 840 et
1449 798 1489 841 ea

311 909 392 972 quas
417 889 597 972 sequuntur
623 887 721 952 verba
749 881 810 970 (δι’
837 884 917 950 ὅλου
940 881 1023 970 κτλ.)
1051 883 1274 949 intercessisse
1306 882 1416 949 nescio
1445 905 1489 947 an

309 995 383 1080 quis
417 994 571 1074 coniciet,
608 997 642 1057 et
673 1014 784 1057 veram
817 989 1027 1056 Crotoniatae
1060 989 1246 1076 opinionem
1281 994 1315 1055 et
1346 987 1488 1056 Pseudo-

310 1099 572 1167 alcmaeonianae
597 1122 627 1186 q.
641 1121 670 1164 v.
694 1099 874 1164 sententiae
899 1095 957 1186 (δι’
986 1097 1086 1163 ὅλου.
1103 1149 1109 1161 .
1125 1095 1165 1200 .),
1178 1099 1298 1162 lemma
1322 1097 1487 1163 interiisse

308 1207 505 1294 putabimus.
552 1207 604 1272 Ita
632 1207 719 1271 enim
743 1205 938 1271 Oribasiana
966 1205 1129 1270 sententia
1159 1227 1178 1269 a
1201 1203 1383 1271 Democriti
1410 1205 1489 1290 Epi·

312 1311 445 1396 curique
473 1334 540 1377 non
572 1313 707 1396 recedit,
741 1316 779 1376 ut
806 1333 882 1376 sane
912 1299 1095 1376 mirandum
1123 1316 1211 1376 esset
1241 1313 1348 1397 primo
1376 1312 1487 1398 potius

310 1419 459 1485 lemmati
496 1419 721 1504 (Δημόκριτος
749 1415 942 1504 Ἐπίκουρος
978 1416 1242 1505 [Ἱπποκράτης])
1279 1419 1487 1485 Alcmaeouis

310 1548 430 1591 nomen
453 1546 518 1590 non
542 1547 612 1590 esse
637 1524 791 1589 additum.

402 1635 548 1719 Apparet
558 1633 661 1718 igitur
671 1629 1035 1696 sublataKalbfleischii
1046 1630 1230 1717 suspicione
1240 1653 1306 1696 non
1322 1631 1487 1698 alibrario

312 1741 453 1826 quodam
475 1737 670 1824 indiligenti,
694 1738 751 1802 sed
774 1738 816 1802 ab
840 1738 913 1822 ipso
936 1737 1115 1804 Plutarcho
1139 1739 1322 1804 sententiae
1345 1739 1392 1804 illi
1414 1738 1488 1806 Alc·

312 1848 457 1913 maeonis
481 1868 598 1911 nomeu
623 1844 849 1932 praepositum
872 1867 951 1911 esse.

402 1952 474 2019 Iam
488 1976 561 2019 cum
577 1953 616 2018 ad
631 1953 779 2036 ipsorum
790 1952 1014 2038 auctoritates,
1024 1952 1100 2018 Rufi
1115 1952 1187 2018 dico
1202 1951 1489 2039 etPs.·Plutarchi,

312 2085 365 2127 res
385 2064 536 2127 revocata
555 2060 608 2146 sit,
630 2063 702 2124 uter
721 2059 844 2124 maiore
862 2060 925 2125 fide
945 2059 1062 2145 dignus
1082 2060 1126 2124 sit
1146 2082 1340 2144 quaeramus
1357 2083 1489 2126 necesse

314 2174 373 2234 est.
405 2168 516 2252 Atque
532 2171 657 2233 aetates
675 2167 704 2232 si
718 2166 921 2251 respicimus,
934 2165 1041 2231 Rufus
1051 2165 1184 2231 Traiani
1199 2167 1341 2232 medicus
1358 2165 1489 2254 [Suidas

313 2297 337 2340 s.
355 2296 394 2353 u,
418 2274 457 2339 cf.
478 2273 637 2339 Galenum
657 2273 686 2337 d.
706 2278 778 2338 atra
801 2273 867 2337 bile
889 2273 966 2337 1=
979 2271 1011 2337 V
1031 2273 1094 2338 105
1114 2273 1169 2358 K]
1192 2274 1326 2339 nonita
1349 2275 1491 2341 multum

313 2377 557 2467 Plutarchum²)
585 2381 679 2445 illurn
707 2383 917 2465 personatum
946 2377 1044 2466 (Dox.
1067 2380 1162 2464 proll.
1187 2378 1243 2464 66)
1276 2381 1490 2446 antecessisse

313 2489 477 2574 putandus
502 2493 566 2571 est,
594 2488 703 2552 itaut
726 2487 793 2552 fere
818 2487 969 2572 aequales
994 2487 1069 2553 sint.
1112 2487 1216 2552 Porro
1241 2488 1349 2553 fontes
1379 2489 1491 2572 quales

313 2595 400 2660 Rufo
425 2594 704 2679 suppeditaverint
726 2594 904 2680 nescimus3
932 2593 1145 2659 Plutarchum
1169 2617 1209 2659 ex
1231 2594 1330 2660 Aetio
1360 2601 1393 2662 et
1419 2597 1490 2681 ipso

313 2703 401 2768 haud
423 2701 558 2767 incertis
583 2700 772 2767 auctoribus
795 2701 872 2765 nixo
897 2723 956 2765 sua
978 2701 1126 2766 hausisse
1151 2701 1314 2768 Dielesius
1339 2697 1491 2769 ostendit.

314 2810 488 2874 Praeterea
510 2813 548 2872 ut
572 2807 724 2872 omittam
744 2806 867 2871 Rufum
890 2828 957 2871 nou
980 2809 1140 2891 consulto,
1164 2809 1219 2873 sed
1240 2832 1323 2890 casu,
1338 2810 1374 2874 in
1394 2809 1491 2875 huius

315 2916 481 2982 doctrinae
502 2915 701 2980 mentionem
715 2912 857 2978 incidere
877 2913 971 2998 quasi
985 2919 1256 3001 praetereuntem,
1275 2917 1375 2981 itaut
1389 2917 1490 3002 ipsius

316 3023 427 3110 potius
442 3021 623 3086 sententiae
644 3044 742 3106 quarn
757 3021 901 3086 auctoris
917 3019 1077 3086 rationem
1091 3021 1225 3088 habeat:
1245 3024 1399 3089 Alcmaeo
1419 3047 1492 3090 cunr

317 3131 352 3196 in
374 3129 600 3216 investiganda
629 3129 735 3194 foetus
763 3133 881 3194 natura
910 3151 947 3193 ae
972 3128 1160 3194 condicione
1185 3131 1225 3195 ab
1250 3152 1383 3196 ovorum
1409 3153 1493 3197 corn-

316 3237 486 3324 paratione
509 3235 677 3320 profectus
698 3234 753 3320 sit,
774 3257 853 3299 num
877 3235 1086 3320 cotyledones
1110 3236 1144 3300 in
1163 3258 1224 3301 ovo
1249 3237 1355 3303 inesse
1378 3243 1492 3324 putare

318 3345 451 3431 potuit?
484 3343 697 3407 Plutarchum
722 3346 831 3407 autem
855 3343 959 3408 secuti
982 3343 1010 3407 si
1034 3342 1161 3428 pullum
1185 3367 1313 3428 quoque
1337 3343 1493 3430 spongiae

317 3452 383 3516 ritu
402 3471 497 3515 sucos
516 3448 729 3514 circumfusos
749 3450 896 3532 excipere
917 3449 1104 3534 conicimus,
1129 3451 1206 3534 quid
1226 3451 1360 3516 obstat?
1400 3451 1494 3516 Prae-

310 3557 433 3624 ·sertim
457 3579 531 3621 cum
556 3557 635 3620 adeo
660 3556 892 3641 antiquitatem
922 3557 984 3622 hoc
1008 3554 1165 3641 placitum
1189 3558 1347 3643 redoleat,
1375 3563 1413 3622 ut
1440 3559 1494 3623 vix

315 3665 486 3751 indignum
510 3685 642 3729 censeas
671 3664 757 3747 quod
784 3664 949 3728 tribuatur
971 3664 1001 3728 ei
1030 3664 1086 3748 qui
1110 3664 1255 3729 omnium
1280 3666 1405 3749 primus
1428 3666 1489 3730 hae

317 3773 356 3837 de
380 3793 414 3836 re
438 3770 608 3855 scripsisse
631 3770 767 3835 videtur.
814 3770 962 3855 Denique
985 3769 1147 3836 Dialesius
1176 3772 1215 3835 de
1242 3771 1420 3858 fragmenti
1443 3771 1489 3836 VI

317 3877 530 3945 similitudine
558 3900 609 3942 me
638 3877 797 3942 admonet.
844 3877 931 3942 Nam
957 3900 1031 3943 cunr
1055 3877 1220 3964 Diogenes
1248 3878 1490 3964 Appolloniata,

319 4010 415 4073 quern
438 3985 580 4069 undique
604 4007 662 4049 sua
688 3985 881 4069 compilasse
905 3989 1048 4070 constat,
1075 4007 1114 4050 ex
1142 3983 1346 4051 Alcmaeonis
1368 3986 1490 4072 placito

317 4181 468 4236 increvisse
492 4181 520 4234 et
543 4178 699 4233 infantibus
723 4195 757 4233 ex
780 4195 819 4252 sev
832 4178 916 4234 editis
940 4177 1098 4248 ingenitum
1120 4178 1204 4244 lactis
1223 4166 1368 4235 humorem
1392 4183 1492 4236 natura

317 4269 497 4325 ministrante
514 4268 685 4338 praebuisse.

411 4362 436 4428 1)
454 4357 529 4414 Nam
547 4359 582 4412 de
601 4357 764 4428 insequente
782 4358 884 4413 rectius
904 4359 963 4413 sine
982 4357 1068 4412 dubio
1087 4357 1302 4413 Kalbfleischius
1321 4357 1442 4414 dubitat.

409 4451 436 4517 2)
455 4449 527 4502 Nam
546 4447 659 4502 Attium
677 4448 774 4515 mitto,
798 4447 847 4518 qui
869 4466 936 4506 uum
959 4448 1035 4506 idem
1054 4450 1139 4522 atque
1157 4446 1324 4503 Plutarchus
1344 4448 1495 4505 tradiderit

320 4537 395 4593 haud
414 4537 472 4593 seio
490 4553 526 4594 au
546 4536 608 4610 quis
628 4537 746 4598 dubitet.
