3358 5132
703 365 921 428 „21-

232 521 464 604 ....ἔιιειτα)ἳ
510 523 625 608 ltaque
658 523 728 588 fieri
760 546 827 588 non
855 529 966 609 potest
994 527 1073 610 quin
1101 527 1307 592 Alcmaeonis
1337 529 1397 592 sub

223 629 354 695 nomine
391 629 511 694 librum
549 634 666 714 quarto
704 631 833 696 saeculo
870 631 1097 697 circumlatum
1136 656 1205 699 esse
1243 634 1397 699 dicamus.

225 735 328 813 Quem
356 733 477 799 librum
505 735 568 800 erit
595 736 734 800 fortasse
763 737 818 821 qui
842 736 1068 822 Peripateticis
1097 740 1224 805 diffisus
1251 745 1397 825 supposi-

224 847 295 909 tum
322 863 392 906 esse
421 845 528 926 putet;
561 841 729 906 fraudibus
758 843 845 906 enim
872 865 1007 927 prorsus
1039 867 1106 910 non
1134 847 1292 912 obnoxios
1321 846 1396 910 illos

224 949 325 1016 fuisse
352 970 448 1014 nemo
476 970 575 1013 sanus
603 949 786 1013 contendet.
833 950 905 1025 Qua
932 949 971 1014 de
999 973 1035 1015 re
1062 952 1126 1016 nisi
1154 975 1193 1016 ex
1219 953 1300 1036 ipsis
1324 951 1397 1017 Alc-

223 1056 368 1122 maeonis
392 1053 586 1141 fragmentis
609 1054 779 1120 diiudicari
802 1055 917 1140 nequit
940 1055 995 1142 (cf.
1013 1079 1087 1144 pag.
1107 1061 1158 1142 27,
1177 1060 1230 1145 29,
1249 1059 1315 1142 37).

312 1162 538 1240 Quaerendum
561 1166 671 1226 tumen
694 1166 791 1226 antea
815 1185 879 1246 qua
902 1163 1041 1229 dialecto
1063 1164 1218 1231 Alcmaeo
1241 1188 1319 1230 usus
1343 1168 1396 1232 sit.

221 1270 251 1335 N
255 1292 306 1334 am
332 1271 432 1334 verba
455 1268 541 1333 libro
559 1267 746 1353 praeposita
765 1266 886 1354 (Laert.
907 1268 1001 1355 Diog.
1023 1266 1104 1335 VIII
1124 1271 1193 1354 83):
1213 1269 1397 1356 Ἀλκμαίων

221 1379 454 1460 Κροτωνιήτης
476 1375 554 1440 τάδε
578 1374 675 1456 ἔλεξε,
700 1378 866 1458 Πειρίθου
888 1376 977 1459 νίός,
1003 1379 1176 1466 Βροντίνφ
1198 1375 1253 1442 καὶ
1275 1378 1396 1444 Λέοντι

220 1481 274 1548 καὶ
293 1483 475 1569 Βαθύλλω·
498 1478 659 1564 περὶτῶν
679 1478 847 1564 ἀφανέων,
869 1481 945 1566 περὶ
966 1494 1033 1548 τῶν
1052 1489 1188 1566 θνητῶν
1212 1489 1396 1569 σαφήνειαν

219 1585 280 1673 μὲν
312 1587 389 1654 θεοὶ
422 1591 546 1672 ἔχοντι·
579 1588 623 1663 ὡς
656 1583 692 1651 δὲ
727 1585 918 1670 ἀνθρώποις
950 1592 1185 1673 τεκμαίρεσθαι
1213 1591 1317 1656 mixta
1344 1614 1394 1656 ex·

220 1696 335 1760 hibent
368 1695 474 1760 ionica
507 1698 540 1760 et
573 1693 692 1760 dorica.
740 1693 832 1759 Unde
869 1695 994 1779 primus
1028 1696 1192 1761 dubitavit
1223 1696 1395 1782 Menagius

220 1799 407 1888 (comment.
427 1802 462 1865 in
481 1801 578 1886 Diog.
597 1799 704 1865 Laert.
724 1798 758 1863 II
777 1801 843 1865 370
861 1800 1025 1890 Hr'ibner):
1050 1801 1248 1888 ‘Legendum
1267 1805 1396 1870 videtur

221 1909 461 1995 Κροτωνιάτης.
509 1908 663 1973 Alcmaeo
696 1908 783 1972 enim
812 1913 845 1971 et
872 1912 910 1971 ut
937 1908 1078 1974 Doricus
1107 1913 1140 1972 et
1167 1914 1205 1974 ut
1231 1910 1395 1997 Pythago·

220 2018 305 2082 ricus
338 2016 449 2081 dorica
481 2014 619 2079 dialecto
643 2011 772 2078 videtur
799 2014 977 2098 scripsisse.
1025 2016 1257 2100 Κροτωνιήτης
1286 2024 1395 2083 tamen

219 2145 331 2189 ornnes
369 2123 438 2186 edd.
470 2125 505 2185 et
537 2142 613 2184 mss.
660 2119 712 2184 An
744 2118 898 2186 Alcmaeo
937 2120 970 2184 in
1008 2121 1150 2206 gratiam
1179 2121 1394 2209 ¹Pythagorae

218 2229 452 2315 praeceptoris,
485 2229 540 2311 qui
573 2227 678 2292 ionice
710 2231 748 2291 ut
777 2223 905 2291 Samius
942 2227 1087 2313 scripsit,
1122 2227 1228 2294 ionice
1266 2251 1394 2316 quoque

218 2336 409 2420 scripserit?
448 2332 725 2409 Quemadmodum
749 2331 859 2397 ferunt
881 2332 1133 2419 Hippocratem,
1156 2333 1296 2402 Doricus
1321 2360 1394 2402 cum

219 2447 319 2519 esset,
352 2442 387 2506 in
413 2441 555 2526 gratiam
583 2439 763 2505 Democriti
793 2439 881 2504 lonis
909 2440 1017 2505 ionica
1044 2441 1157 2526 lingua
1187 2443 1289 2508 libros
1317 2466 1394 2508 suos

220 2547 453 2632 conscripsisse
476 2550 514 2611 ut
538 2549 588 2610 est
611 2547 696 2631 apud
714 2544 887 2610 Aelianum
912 2568 976 2610 var.
997 2547 1074 2611 hist.
1093 2547 1141 2611 IV
1165 2548 1229 2613 20?
1271 2548 1335 2615 Sed
1357 2555 1394 2614 ut

219 2663 346 2722 taceam
374 2655 413 2719 de
436 2653 566 2719 Aeliani
589 2652 849 2735 narratiuncula,
876 2652 978 2716 nimia
1000 2652 1171 2739 Menagius
1199 2655 1395 2721 confidentia

218 2763 426 2848 Pythagorae
446 2783 520 2824 eum
538 2759 732 2844 discipulum
752 2779 869 2824 vocare
887 2759 1024 2826 uidetur.
1039 2797 1081 2805 -
1097 2758 1259 2826 Sandcrus
1283 2767 1392 2827 autem

218 2871 326 2935 derlee
355 2867 524 2952 scripsisse
552 2869 646 2950 putat
669 2864 912 2949 Alcmaeonem,
941 2867 1032 2931 cuius
1059 2869 1160 2932 verba
1187 2869 1286 2933 ionici
1314 2869 1390 2934 Dio·

218 2977 310 3062 genis
338 2978 488 3039 auctores
516 2974 551 3037 in
579 2993 675 3037 suum
706 2978 744 3036 ut
772 2973 922 3037 solebant
950 2973 1077 3058 antiqui
1107 2996 1291 3041 sermonem
1319 2998 1392 3041 con-

217 3082 402 3147 vertissent.
439 3081 486 3144 At
504 3101 567 3163 quo
586 3078 678 3144 fonte
697 3099 775 3142 usus
795 3079 840 3142 sit
859 3079 1023 3164 Diogenes
1042 3101 1115 3166 pag.
1135 3082 1178 3146 33
1197 3081 1329 3146 docebo.
1349 3119 1391 3127 —

217 3189 366 3272 Denique
391 3185 541 3252 Sittelius
564 3185 671 3250 ionica
693 3185 806 3269 lingua
831 3207 905 3250 eum
929 3185 1099 3270 scripsisse
1123 3187 1216 3269 dicit,
1245 3188 1301 3251 sed
1323 3211 1392 3252 ver-

218 3299 335 3362 borum
353 3291 610 3360 controversiam
633 3313 768 3376 prorsus
786 3291 939 3378 negligit3
959 3290 1056 3358 Uuna
1077 3296 1185 3357 autem
1205 3292 1393 3359 dubitanter

218 3399 371 3469 ‘Dorica'
395 3399 502 3486 inquit
526 3398 682 3464 ‘dialecto
706 3420 782 3462 usus
807 3420 966 3464 essenon
990 3398 1141 3464 videtur'.

305 3507 372 3572 Res
400 3507 500 3591 digna
527 3514 578 3569 est
606 3527 704 3588 quam
735 3505 844 3589 paullo
873 3503 1056 3570 accuratius
1086 3509 1273 3571 tractemus.
1321 3507 1392 3582 Qua

215 3619 249 3682 in
273 3615 463 3701 quaestione
487 3611 654 3696 seligenda
673 3616 750 3676 sunt
768 3612 911 3695 primum
934 3617 972 3676 ut
995 3633 1077 3696 quae
1096 3611 1142 3677 nil
1161 3612 1245 3676 hauc
1263 3613 1303 3676 ad
1323 3634 1392 3676 rem

215 3723 349 3805 faciant,
367 3740 431 3784 vox
449 3716 607 3802 ἀφανέων
626 3721 659 3781 et
678 3718 786 3801 ipsum
804 3740 923 3782 nomen
936 3715 1129 3801 Ἀλκμαίων.
1162 3715 1232 3782 Iam
1247 3715 1391 3783 Oobetus

215 3829 356 3914 (collect.
377 3827 449 3891 crit.
469 3825 503 3889 in
522 3825 697 3908 scriptores
712 3845 847 3909 graecos
867 3823 985 3909 [Lugd.
1005 3824 1077 3889 Bat.
1098 3823 1198 3910 1878]
1222 3845 1294 3910 pag.
1310 3824 1391 3911 365)

215 3938 350 4001 damnat
368 3933 508 3997 formam
524 3929 719 4014 Ἀλκμαίωνι
742 3930 842 3996 ‘Vera
859 3930 1002 3996 nominis
1020 3931 1126 3996 forma
1144 3936 1195 3996 est
1210 3927 1392 4016 Ἀλκμάων,

216 4043 301 4128 apud
324 4039 500 4106 Dorienses
524 4043 558 4103 et
581 4036 761 4122 Spartanos
776 4035 931 4122 Ἀλκμάν,
954 4037 1039 4121 apud
1063 4038 1279 4103 Athenienses
1300 4035 1390 4102 Ἀλκ-

215 4148 313 4234 μέων.
334 4148 372 4210 In
389 4146 575 4230 fragmento
594 4145 752 4229 epistolae
772 4144 858 4228 apud
876 4144 972 4230 Diog.
987 4144 1093 4208 Laert
1109 4144 1188 4208 VIII
1206 4144 1247 4208 83
1268 4144 1388 4208 scribo:

212 4251 384 4339 Ἀλκμάων
417 4253 585 4334 Πειρίθου
618 4250 852 4335 Κροτωνιάτης
888 4250 965 4315 adds
1003 4249 1090 4328 ἔλεξε
1126 4253 1299 4333 Βροντίνφ
1335 4247 1390 4314 καὶ

218 4359 338 4427 Λέοντι
366 4355 421 4424 καὶ
449 4359 628 4445 Βαθύλλφ·
659 4354 736 4442 περὶ
766 4367 832 4421 τῶν
860 4355 1016 4441 ἀφανέων
1044 4353 1134 4441 [περὶ
1160 4365 1227 4420 τῶν
1254 4361 1391 4440 θνητῶν

216 4467 292 4552 del]
315 4467 501 4550 σαφήνειαν
524 4459 585 4548 μὲν
606 4462 683 4529 θεοὶ
710 4467 834 4549 ἔχοντι,
864 4484 945 4546 quae
973 4462 1071 4548 vulgo
1100 4463 1234 4527 mirifice
1262 4467 1390 4547 pertur-
