3358 5132
768 322 898 388 -.50
945 361 986 370 .-

294 479 379 552 oculi
398 489 598 552 structuram
616 507 690 550 oum
709 483 939 568 experimentis
958 488 1029 548 tum
1048 481 1213 548 anatomia
1228 484 1397 568 cognitam
1416 506 1471 548 ex-

292 615 421 679 ponere,
445 614 543 677 quam
567 612 631 674 quo
655 590 751 654 modo
774 590 864 654 visus
889 590 948 655 fiat
970 591 1128 656 evolvere.
1166 588 1253 654 Nam
1278 591 1366 674 quod
1388 590 1469 658 dicit

292 708 338 786 τῷ
357 703 526 784 στίλβοντι
544 695 599 763 καὶ
617 705 663 784 τῷ
684 697 852 780 διαφανεῖ,
874 696 1005 761 nonnisi
1024 700 1174 762 naturam
1194 697 1337 762 ostendit
1356 718 1469 763 eorum

293 829 376 891 quae
400 806 513 872 oculus
537 803 683 872 continet
707 804 950 887 elementorum,
974 803 1030 868 sed
1053 803 1129 886 quid
1148 802 1279 868 valeant
1302 805 1342 868 ad
1362 804 1470 869 viden-

294 914 372 978 dum
391 913 484 978 celat.
517 912 670 978 Fortasse
684 911 770 978 huuc
785 931 912 994 quoque
927 908 1085 995 intelligit
1098 910 1344 994 Theophrastus
1359 911 1469 976 dicens

292 1017 423 1086 τιθέασι
447 1015 484 1084 δὲ
507 1016 563 1082 καλ
585 1018 645 1100 τὴν
669 1019 748 1096 όψιν
772 1017 876 1100 αὐτὴν
900 1017 936 1081 ot
954 1014 1073 1084 πολλοὶ
1095 1019 1212 1101 πυρός,
1235 1017 1324 1102 <ὡς>
1346 1019 1468 1083 τούτου

292 1128 350 1204 τὰς
362 1129 463 1213 χρόας
475 1124 674 1210 μετεχούσας
688 1129 815 1209 μᾶλλον
830 1120 928 1210 (Dor.
939 1123 1014 1208 509,
1024 1120 1091 1209 32).
1121 1123 1194 1190 Hoc
1208 1128 1318 1190 tamen
1333 1129 1468 1205 certum,

294 1255 364 1300 esse
384 1256 458 1299 eum
482 1253 653 1298 enumero
672 1241 739 1296 τῶν
757 1233 955 1316 φασκόντων
973 1232 1190 1314 προσπίπτειν
1208 1231 1270 1314 τὴν
1289 1233 1380 1314 duro,
1401 1254 1469 1297 non

295 1353 363 1406 τῶν
376 1342 575 1425 φασκόντων
590 1336 752 1424 φέρεσθαι
770 1338 853 1423 πρὸς
866 1337 971 1420 αὐτὴν
984 1335 1048 1402 άπὸ
1062 1348 1129 1402 τῶν
1143 1337 1272 1421 ὁρατῶν
1286 1335 1342 1426 (cf.
1355 1359 1468 1404 rocem

292 1444 502 1534 άντιφαίυει).

753 1579 885 1647 rrugm.
909 1579 1004 1637 vm.

381 1714 569 1798 Theophr.
588 1714 610 1778 l.
624 1714 645 1777 l.
665 1714 706 1777 26
727 1709 833 1799 (Dox.
853 1713 927 1797 507,
942 1709 991 1800 3):
1014 1711 1142 1790 ἁπάσας
1161 1709 1197 1778 δὲ
1220 1713 1276 1790 τάς
1294 1713 1468 1798 αἰσθήσεις

294 1824 527 1906 συνηρτῆσθαί
537 1841 607 1897 πως
625 1822 707 1906 πρὸς
721 1823 780 1887 τὸν
795 1817 990 1905 ἐγκέφαλον,
1009 1821 1062 1886 διὸ
1077 1817 1132 1898 καί
1145 1826 1336 1905 πηροῢσθαι
1354 1845 1467 1885 κινου-

292 1926 395 2013 μένου
418 1925 473 1992 καλ
496 1925 772 2010 μεταλλάττοντος
795 1926 856 2010 τὴν
878 1927 1004 2011 χώραν·
1033 1925 1269 2011 ἐπιλαμβάνειν
1297 1928 1360 2010 γάρ
1389 1931 1468 2004 τοὺς

292 2037 429 2119 πόρους,
452 2031 496 2098 δι’
524 2025 572 2097 ὧν
595 2033 633 2096 αί
653 2034 832 2116 αἰσθήσεις.
870 2029 946 2117 περὶ
969 2029 1006 2097 δὲ
1030 2031 1116 2118 ἁφῆς
1139 2032 1200 2098 οὐκ
1222 2041 1366 2119 εἴρηκεν,
1391 2035 1467 2100 οὔτε

291 2154 360 2218 πῶς
383 2141 458 2206 οὔτε
482 2143 548 2205 τίνι
571 2142 706 2222 γίνεται.
740 2136 923 2223 Ἀλκμαίων
947 2135 1008 2223 μὲν
1032 2134 1094 2205 οὖν
1119 2137 1173 2206 ἐπὶ
1192 2149 1354 2206 τοσοῦτον
1377 2140 1468 2225 ἀφά-

313 2272 392 2314 ικεν.
414 2284 460 2294 -

291 2273 338 2448 ρ.
382 2355 445 2432 Qui
469 2354 508 2418 ad
531 2353 647 2438 fragm.
666 2351 697 2416 V
717 2355 892 2418 annotatus
913 2357 963 2418 est
981 2351 1072 2419 Accii
1094 2355 1186 2419 locus
1210 2355 1336 2420 animae
1357 2356 1467 2420 sedem

292 2463 461 2529 cerebrum
502 2459 706 2525 existimasse
743 2457 974 2524 Alcmaeonem
1015 2460 1271 2526 luculentissime
1315 2463 1467 2527 ostendit.

290 2567 381 2634 Idem
404 2567 546 2633 efficitur
569 2589 586 2632 e
609 2565 726 2652 fragm.
745 2565 842 2631 XVII
864 2588 968 2651 neque
993 2567 1163 2633 dissonant
1184 2567 1343 2633 chalcidii
1367 2570 1467 2634 verba

290 2673 421 2764 (fragm.
450 2672 541 2762 VIl):
574 2674 600 2738 ἢ
615 2698 677 2739 ..a
707 2673 831 2738 cerebri
866 2674 939 2738 sede
976 2674 1010 2738 in
1043 2696 1107 2759 qua
1139 2679 1190 2740 est
1221 2675 1285 2740 sita
1317 2680 1466 2759 potestas

291 2784 418 2848 animae
447 2804 574 2846 summa
607 2803 644 2845 ac
671 2777 887 2864 principalis’.
933 2779 1073 2845 Proinde
1107 2803 1183 2847 cave
1215 2805 1233 2847 e
1260 2783 1359 2847 verbo
1391 2782 1467 2866 ἡγε-

290 2892 429 2973 μονικόν
457 2886 588 2974 (fragm.
612 2886 641 2950 V
665 2891 699 2950 et
721 2884 846 2973 XVH),
879 2888 965 2971 quod
994 2886 1176 2954 Stoicorum
1209 2911 1324 2956 manus
1355 2894 1466 2975 aperte

291 2996 411 3080 prodit,
428 2994 493 3078 ipsi
512 2993 692 3059 sentcntiae
712 2992 950 3058 dubitationem
969 2994 1283 3060 admoveas—Iam
1303 2997 1465 3080 quomodo

289 3103 373 3168 hanc
401 3103 442 3167 ad
470 3100 656 3186 opinionem
684 3101 843 3166 adductus
872 3100 916 3164 sit
940 3100 1094 3166 Alcmaeo
1121 3101 1184 3167 hoc
1213 3124 1252 3166 ex
1279 3102 1464 3188 fragmento

289 3210 453 3276 discimus.
498 3207 679 3292 Postquam
712 3208 799 3272 enirn
834 3207 1003 3291 conspexit
1034 3207 1103 3292 ille,
1135 3231 1193 3292 per
1225 3211 1350 3294 πόρους
1381 3233 1464 3294 quos

289 3319 429 3383 vocabat
453 3316 620 3381 cerebrum
649 3337 723 3380 cum
746 3314 901 3379 censoriis
930 3314 1077 3380 iunctum
1100 3327 1185 3400 esse,
1212 3316 1260 3380 ica
1287 3320 1324 3381 ut
1352 3339 1464 3382 omnes

290 3446 416 3502 sensus,
446 3445 586 3508 quorum
608 3421 872 3508 perceptionibus
900 3424 973 3486 tota
995 3421 1165 3486 hominum
1189 3422 1326 3488 scientia
1347 3423 1465 3489 nititur

289 3529 420 3618 (fragm.
439 3527 496 3618 Π),
518 3551 557 3594 eo
577 3530 829 3614 continerentur,
852 3527 946 3593 facile
971 3533 1022 3593 est
1046 3528 1185 3595 collectu
1208 3551 1274 3594 non
1297 3529 1396 3595 aliam
1420 3531 1462 3595 ob

290 3660 421 3704 causam
450 3637 513 3703 hoc
545 3637 617 3702 looo
656 3637 782 3701 animae
820 3636 928 3700 sedem
962 3659 1035 3700 eum
1068 3634 1285 3720 collocasse.¹)
1331 3637 1464 3703 Etenim

289 3744 374 3810 ὅπου
400 3755 468 3808 τῶν
495 3744 626 3829 νεύρων
656 3742 677 3826 ἡ
709 3741 810 3826 άρχή,
843 3741 989 3807 ἐνταῦθα
1021 3740 1076 3808 καλ
1107 3742 1145 3807 τὸ
1172 3751 1229 3826 τῆς
1255 3751 1363 3828 ψυχῆς
1388 3743 1465 3826 ἡγε-

288 3854 437 3937 μονικόν.
482 3849 563 3934 αὕτη
595 3845 657 3934 μὲν
690 3849 731 3932 δὴ
764 3848 784 3932 ἡ
816 3857 877 3914 τοῦ
910 3852 1012 3932 λόγου
1045 3846 1127 3932 (scil.
1155 3849 1288 3914 cerebro
1321 3850 1464 3914 animam

289 3956 410 4046 inesse)
442 3957 625 4043 κυριωτάτη
657 3959 817 4041 πρότασις
849 3952 1085 4040 ὡμολογημένος
1117 3965 1220 4021 πᾶσιν
1253 3956 1378 4041 ίατροῖς
1408 3953 1465 4022 καὶ

288 4066 488 4151 φιλοσόφοις
506 4059 635 4149 (Galen.
653 4061 689 4126 in
708 4061 790 4127 Plat.
810 4065 844 4126 et
862 4060 1017 4146 Hippocr.
1037 4061 1144 4147 dogm.
1164 4061 1247 4126 VIII
1267 4063 1284 4125 1
1309 4086 1340 4147 p.
1358 4063 1469 4146 650,8

288 4168 430 4256 Murler).

378 4366 406 4435 1)
424 4363 465 4418 Cf.
480 4362 566 4420 Arist.
585 4381 663 4436 parv.
683 4366 740 4420 nat.
761 4370 813 4419 469
834 4371 911 4420 aaa:
937 4362 1071 4420 nonnulla
1090 4362 1216 4421 sensoria
1235 4381 1296 4420 esse
1315 4362 1346 4419 in
1365 4365 1469 4438 capite,

291 4452 337 4510 διὸ
357 4451 406 4508 καὶ
425 4455 509 4508 δοκεῖ
521 4470 593 4510 τισιν
613 4452 808 4526 αἰσθάνεσθαι
826 4454 862 4510 τὰ
880 4455 937 4529 ζῷα
956 4453 1004 4510 διά
1022 4455 1073 4511 τὸν
1091 4451 1258 4528 ἐγκέφαλον.
