3358 5132
765 399 982 464 „gg-

286 563 391 628 feetus
415 561 526 626 mirati
549 561 759 645 σκαφοειδεῖς
782 582 835 625 eas
855 581 925 624 esse
948 581 1140 643 persuasum
1163 558 1337 624 habebant.
1374 559 1467 634 Quae

286 670 411 755 opinio,
439 691 535 753 quam
565 672 641 733 sunt
668 667 724 752 qui
752 689 791 731 ex
820 665 970 752 Aegypto
998 667 1171 752 petendam
1200 687 1270 730 esse
1300 672 1467 752 censeant,

287 782 409 861 quanto
428 775 589 841 vetustior
608 778 694 840 certe
716 771 980 860 sirHeraclit01)
1004 773 1115 839 fabula
1132 772 1191 837 illa
1209 773 1305 838 docet
1324 774 1362 838 de
1383 775 1465 840 solis

285 883 388 969 φιάλῃ
412 883 452 946 ab
478 881 714 966 antiquissimis
737 880 842 965 poetis
866 880 986 964 ubique
1010 878 1182 964 celebrata,
1206 901 1345 965 quorum
1363 879 1467 946 Athe·

285 1012 385 1055 naeus
401 986 463 1076 (XI
477 989 541 1054 469
553 985 599 1074 D)
613 991 781 1052 enumerat
795 988 906 1052 hosce:
927 986 1128 1068 Pisandrum,
1147 985 1349 1072 Panyassim,
1365 985 1468 1052 Stesi-

229 1182 231 1185 .
287 1091 435 1180 chorum,
460 1094 704 1179 Antimachum,
727 1093 940 1178 Aeschylum,
962 1092 1206 1177 Mimnermum,
1235 1093 1465 1178 Pherecydem.

288 1203 435 1289 Denique
465 1223 590 1286 vereor,
621 1224 663 1266 ne
692 1201 777 1285 quod
810 1201 895 1284 apud
924 1198 1103 1265 Stobaeum
1130 1201 1271 1286 legimus
1300 1201 1339 1264 de
1367 1201 1466 1266 lunae

287 1311 467 1375 defectibus
491 1308 659 1394 placitum,
681 1331 748 1373 non
774 1307 818 1372 sit
841 1306 1013 1391 Heracliti,
1037 1307 1093 1372 sed
1116 1317 1184 1371 τῶν
1201 1303 1466 1392 Ἡρακλειτιζόν-

288 1441 370 1496 rara
394 1439 470 1481 nam
495 1416 624 1501 qualem
647 1416 716 1499 ipse
735 1414 899 1499 Ephesius
923 1414 1017 1478 lunae
1042 1414 1182 1479 formam
1206 1435 1275 1478 esse
1300 1413 1467 1479 existima-

288 1524 380 1608 verit,
403 1545 537 1608 prorsus
560 1519 766 1608 nescimus.2)

376 1630 479 1695 Porro
494 1628 762 1693 Parmenidem
782 1628 867 1692 inter
885 1631 980 1712 atque
995 1627 1227 1693 Alcmaeonem
1247 1627 1352 1711 qualis
1368 1627 1467 1693 inter-

289 1737 381 1802 cedat
405 1737 489 1801 ratio
518 1736 545 1800 si
575 1734 772 1818 quaerimus,
800 1734 846 1798 nil
875 1738 926 1799 est
953 1757 1010 1799 cur
1038 1734 1178 1799 alterum
1207 1757 1246 1799 ex
1274 1733 1377 1800 altero
1407 1757 1468 1800 sua

289 1843 438 1908 hausisse
457 1842 611 1908 dicamus.
643 1839 731 1905 Nam
749 1863 822 1905 cum
840 1842 875 1906 in
895 1842 1012 1907 ceteris
1026 1841 1098 1907 fere
1109 1842 1302 1927 discrepent,
1319 1841 1401 1907 illud
1418 1843 1466 1907 nil

288 1950 375 2016 valet
393 1950 428 2014 in
446 1953 498 2014 tot
517 1949 711 2033 praesertim
733 1947 1005 2032 philosophorum
1025 1970 1192 2028 consensu,
1216 1949 1302 2033 quod
1327 1946 1467 2014 feminas

290 2079 420 2142 quoque
454 2078 563 2121 semen
595 2055 745 2120 emittere
779 2059 972 2141 congruunt.
1017 2054 1154 2120 Accedit
1188 2056 1274 2140 quod
1307 2056 1469 2121 dissident

291 2164 330 2228 de
354 2184 449 2227 sexus
475 2163 600 2248 origine
624 2161 844 2245 (11014201
865 2164 881 2226 1
908 2166 941 2226 et
960 2160 1090 2228 Censor.
1110 2163 1139 2226 d.
1159 2163 1209 2227 die
1232 2167 1299 2226 nat.
1319 2164 1349 2245 6,
1367 2161 1401 2247 5;
1426 2163 1467 2228 ef.

289 2269 371 2334 Dox.
394 2269 573 2352 191194),
602 2273 634 2332 et
657 2291 698 2333 ne
722 2269 760 2332 de
783 2269 997 2333 similitudine
1026 2270 1155 2354 quidem
1179 2270 1357 2334 liberorum
1380 2270 1468 2334 idem

290 2374 430 2441 sensisse
453 2374 592 2460 putandi
611 2378 696 2461 sunt,
720 2374 873 2459 quoniam
897 2397 995 2458 quam
1013 2374 1222 2442 Parmenides
1242 2376 1467 2442 similitudinis

293 2506 425 2548 causam
448 2481 651 2548 existimasse
670 2482 798 2547 videtur
816 2478 870 2568 (ef.
891 2481 1033 2546 Karsten
1053 2482 1134 2547 Phil.
1154 2505 1202 2569 gr.
1222 2483 1467 2569 vet.12,264;

293 2612 400 2656 errare
431 2587 751 2668 Censorinorum
784 2592 816 2653 et
840 2589 974 2654 Aetium
996 2589 1027 2655 V
1051 2591 1104 2673 11,
1130 2592 1150 2655 2
1182 2590 1276 2655 docet
1303 2590 1468 2656 Dialesius

295 2697 377 2762 Dox.
399 2696 486 2782 193),
510 2697 644 2760 eandem
663 2696 703 2760 ad
722 2717 817 2760 sexus
839 2696 1064 2760 diversitatem
1086 2696 1248 2780 pertinere
1268 2697 1373 2762 voluit
1391 2697 1470 2763 Alc·-

292 2825 385 2868 maeo
413 2800 544 2890 (fragm.
565 2801 667 2889 xlv).
713 2801 796 2866 Uter
821 2807 929 2867 autem
952 2803 1043 2887 prior
1067 2803 1309 2889 embryologiae
1333 2825 1469 2888 operam

290 2910 461 2975 navaverit
483 2910 656 2994 nescimus
680 2931 754 2974 cum
772 2912 805 2973 et
825 2910 974 2995 aequales
997 2909 1065 2974 fere
1085 2911 1151 2974 sint
1174 2932 1277 2994 neque
1301 2933 1320 2974 a
1342 2909 1468 2976 medico

290 3017 523 3102 philosophum
545 3017 605 3081 has
630 3017 669 3081 ad
693 3039 744 3081 res
764 3017 949 3082 tractandas
974 3022 1175 3082 commotum
1197 3021 1312 3101 putare
1336 3039 1468 3082 necesse

291 3126 350 3210 sit3
377 3147 481 3210 neque
510 3125 596 3189 enim
620 3125 720 3188 ullam
746 3122 970 3208 quaestionem
998 3124 1175 3189 studiosius
1203 3123 1469 3208 disceptaverunt

293 3255 404 3297 omnes
433 3233 500 3296 fere
525 3235 558 3296 et
579 3229 768 3316 philosophi
792 3234 825 3294 et
849 3229 978 3316 medici,
1008 3252 1105 3314 quam
1127 3231 1212 3297 hanc
1236 3231 1273 3296 de
1297 3231 1469 3296 hominum

290 3339 455 3425 progenie.

382 3443 445 3508 Sed
460 3445 500 3508 ad
515 3444 739 3530 Pythagoreos
757 3449 968 3529 revertamur,
986 3445 1180 3530 quibuscum
1196 3445 1379 3511 consentire
1394 3445 1471 3510 Ale-

291 3573 460 3618 maeonem
483 3551 579 3616 nobis
604 3556 742 3618 constat.
779 3553 903 3617 Tamen
925 3552 1012 3617 inter
1031 3552 1120 3637 ipsos
1139 3551 1366 3638 Pythagoreos
1388 3574 1470 3616 num

291 3659 509 3726 numerandus
529 3659 582 3741 sit,
605 3661 755 3743 equidem
776 3660 867 3725 valde
887 3659 1010 3724 dubito.
1043 3658 1246 3743 Quamquam
1265 3680 1332 3723 non
1350 3659 1471 3724 desunt

293 3767 349 3851 qui
363 3766 588 3852 Pythagoram
602 3789 676 3831 eum
691 3767 818 3832 audisse
834 3767 976 3849 tradant,
989 3771 1027 3830 ut
1041 3766 1241 3833 lamblichus
1257 3790 1284 3830 v.
1293 3765 1391 3850 Pyth.
1405 3767 1470 3830 104

291 3874 346 3961 (cf.
368 3893 442 3958 pag.
460 3870 513 3960 4);
541 3875 598 3938 sed
627 3874 694 3938 sive
724 3895 763 3938 ex
785 3873 975 3939 Aristotelis
1004 3874 1076 3939 loeo
1101 3873 1179 3939 Met.
1198 3873 1228 3938 A
1252 3875 1273 3940 5
1296 3872 1381 3938 falso
1404 3873 1471 3940 hoe

292 4017 506 4027 -.—-—-—

383 4087 409 4154 1)
430 4083 514 4140 Cuius
532 4084 639 4154 placita
657 4101 740 4153 quam
761 4084 819 4140 sint
836 4085 940 4139 similia
958 4084 1156 4155 Xenophaneis
1181 4082 1246 4153 (nisi
1265 4083 1340 4154 quod
1359 4081 1473 4154 σκάφος

292 4174 365 4230 illud
392 4175 425 4228 ut
452 4173 531 4244 vulgi
558 4176 759 4243 poetarumque
790 4173 1030 4229 narratiunculam
1060 4173 1161 4228 Eleata
1189 4173 1310 4243 spernit)
1337 4173 1474 4244 exposuit

293 4263 457 4319 Karstenius
471 4262 576 4318 Philos.
591 4280 632 4332 gr.
647 4265 702 4318 vet.
718 4264 729 4316 I
746 4271 758 4316 1
779 4279 845 4332 pag.
865 4269 921 4330 163,
938 4268 984 4328 4⁷3
1005 4267 1065 4328 166,
1081 4269 1123 4316 61.
1139 4269 1185 4328 553
1207 4267 1266 4330 166,
1281 4268 1328 4330 68;
1350 4268 1410 4332 161,
1425 4268 1472 4320 60.

381 4355 409 4422 2)
428 4351 519 4407 Zeller
536 4351 567 4405 1⁶
586 4357 650 4419 685,
670 4359 698 4408 3:
723 4353 796 4418 Dosa
815 4351 946 4408 Herubb't
963 4353 1017 4407 dea
1037 4352 1141 4418 Mond,
1159 4352 1210 4406 wie
1227 4351 1272 4407 die
1290 4351 1396 4419 Sarrae,
1419 4353 1474 4419 sdr

292 4445 351 4498 ctae
373 4443 559 4510 sertorertt'r'llte
583 4443 680 4498 Sabate
702 4443 838 4513 peboltea,
862 4443 899 4498 ist
922 4441 1028 4496 absolut
1051 4441 1246 4496 anaweisb‘ch.
1283 4441 1312 4495 S.
1331 4441 1474 4514 Beraoys,

296 4532 356 4588 Ges.
371 4531 470 4587 Attal.
486 4532 508 4584 I
520 4537 565 4588 12.
