3358 5132
756 295 979 361 -48-

283 458 411 522 tunicas
427 461 536 522 autem
551 455 706 521 discimus
725 454 794 520 illic
809 455 931 519 multas
938 451 973 541 ¹),
991 454 1045 518 hic
1060 461 1128 518 tres
1143 453 1237 518 oculo
1252 453 1457 538 praepositas
1473 466 1475 472 '

284 585 362 646 esse,
385 585 490 648 neque
508 561 700 647 Empedocli
719 561 925 627 Alcmaeonis
948 561 1000 625 his
1019 560 1055 624 in
1072 560 1169 625 rebus
1189 559 1346 641 sectatori
1364 559 1466 644 igno·

283 673 356 734 tum
378 670 442 734 hoc
464 669 566 733 fuisse
590 669 684 734 doceb
707 668 851 733 eiusdem
875 691 903 733 v.
923 668 988 732 323
1009 664 1055 731 St.

371 793 441 858 Iam
465 792 699 878 Philippsonus
724 789 794 878 (1.1.
813 811 886 877 pag.
908 788 987 878 187)
1010 791 1065 856 ‘de
1089 791 1178 856 visu'
1202 791 1309 876 inquit
1332 791 1461 856 ‘eadem

284 900 397 966 docuit
420 921 501 984 quae
525 900 737 984 Aristoteles3
760 920 901 982 namque
923 898 995 962 fieri
1018 918 1076 982 per
1099 897 1322 982 diaphanum'.
1366 897 1460 963 Simi-

282 1006 359 1070 liter
379 1005 541 1072 Sanderus
561 1006 708 1090 quamvis
729 1006 918 1071 dubitanter
936 1005 969 1068 in
985 1004 1263 1089 comparationem
1277 1005 1373 1069 vocat
1386 1003 1460 1069 Arii

283 1112 416 1198 Didymi
440 1113 563 1200 frg.17
589 1110 685 1199 (Dor.
703 1112 783 1196 456,
808 1109 878 1199 13):
902 1107 1127 1194 Ἀριστοτέλης
1154 1111 1238 1196 ὁρᾶν
1266 1110 1351 1196 ἡμᾶς
1377 1113 1460 1177 κατὰ

282 1224 415 1305 κίνησιν
441 1230 501 1285 τοῦ
523 1217 593 1285 κατ’
622 1217 792 1304 ἐνέργειαν
814 1220 1007 1303 διαφανοῦς.
1044 1214 1205 1302 διαφανὲς
1229 1215 1267 1282 δὲ
1290 1217 1332 1283 οὐ
1354 1222 1458 1301 μόνον

283 1321 369 1392 εἶναι
391 1328 451 1391 τὸν
474 1325 565 1411 ἀέρα,
588 1325 672 1391 ἀλλὰ
694 1323 749 1390 καλ
771 1328 809 1392 τὸ
831 1325 924 1410 ὕδωρ
947 1328 1005 1390 κατ’
1019 1349 1094 1390 τινα
1117 1336 1184 1390 τῶν
1206 1323 1460 1408 συνισταμένων

283 1433 405 1518 ποθέν,
438 1425 511 1499 οἷον
538 1433 643 1498 ὕαλον
675 1430 730 1497 καὶ
762 1433 970 1514 κρύσταλλον
1000 1434 1059 1496 καί
1083 1455 1175 1508 τινας
1205 1443 1271 1496 τῶν
1300 1436 1460 1517 λαμπρῶν

284 1545 400 1606 λίθων.
451 1541 609 1606 Videntur
636 1539 740 1626 igitur
767 1539 815 1603 illi
839 1561 934 1604 voces
962 1548 1022 1603 τοῦ
1050 1540 1235 1623 διαφανοῦς
1264 1537 1462 1603 obiectivum

284 1670 314 1732 q.
339 1671 367 1712 v.
397 1648 577 1732 genitivum
605 1668 675 1711 esse
708 1646 772 1711 rati
803 1646 851 1711 ita
878 1645 1088 1730 interpretari
1117 1643 1251 1710 Stobaei
1278 1645 1391 1730 verba,
1423 1649 1462 1710 ut

286 1754 375 1819 visus
394 1755 454 1818 fiat
473 1757 548 1818 actu
566 1751 728 1837 perspicui
748 1753 834 1836 quod
854 1756 964 1816 extra
983 1752 1094 1818 oculos
1113 1756 1172 1817 cst.
1210 1750 1462 1836 Philippsonum

187 1917 189 1923 ,
284 1865 372 1925 certe
392 1860 431 1925 de
450 1882 535 1945 equa
554 1858 698 1924 ocularia
716 1857 770 1923 hic
788 1879 855 1922 non
874 1858 1019 1943 cogitare
1039 1859 1133 1923 docet
1158 1879 1239 1942 quae
1259 1881 1356 1924 voces
1380 1881 1461 1943 quas

284 1967 380 2032 modo
409 1966 507 2031 attuli
536 1967 683 2050 sequitur
714 1965 749 2030 in
777 1965 889 2030 libello
923 1964 991 2029 eius
1023 1965 1233 2030 sententiola:
1266 1965 1357 2031 ‘cum
1384 1965 1462 2031 Alc-

283 2097 417 2139 maeone
443 2074 616 2138 consentit
631 2071 827 2137 Aristoteles
851 2069 1012 2159 quoque²)
1037 2072 1148 2136 oculos
1171 2095 1229 2156 per
1253 2094 1373 2157 aquam
1397 2095 1462 2138 cer-

284 2180 379 2244 nere'
403 2184 436 2244 ot
460 2202 555 2264 quem
580 2177 707 2243 confert
725 2176 916 2242 Aristotelis
939 2175 1030 2242 loeus
1055 2178 1083 2241 d.
1103 2199 1152 2241 an.
1173 2178 1205 2242 lI
1226 2179 1243 2242 7
1266 2201 1340 2265 pag.
1358 2179 1423 2245 418
1444 2202 1463 2243 a

284 2288 420 2371 29sqqs
449 2287 486 2350 τὸ
513 2285 576 2370 γὰρ
600 2283 723 2369 ὁρατὸν
746 2286 815 2348 ἔστι
837 2294 952 2370 χρῶμα
969 2335 1064 2348 .....
1083 2294 1150 2349 πᾶν
1174 2281 1211 2350 δὲ
1225 2297 1349 2372 ·χρῶμα
1372 2310 1462 2369 κινη-

283 2396 377 2458 τικόν
406 2391 475 2457 ἐστι
506 2400 565 2455 τοῦ
596 2388 667 2455 κατ’
692 2388 862 2476 ἐνέργειαν
890 2391 1118 2474 διαφανοῦς..
1135 2441 1164 2456 ..
1182 2393 1298 2477 διόπερ
1328 2402 1395 2458 πᾶν
1424 2395 1463 2459 τὸ

286 2496 426 2564 ἕκαστον
449 2507 564 2584 χρῶμα
592 2496 629 2563 ἐν
652 2495 738 2581 φωτὶ
763 2498 903 2582 ὁρατόν.
920 2548 926 2561 .
942 2549 948 2561 .
965 2499 1054 2562 ,ἔστι
1077 2498 1119 2582 δή
1142 2522 1174 2563 τι
1198 2497 1357 2584 διαφανές
1380 2496 1463 2586 (scil.

284 2607 322 2670 τὸ
351 2602 479 2692 cerff)
525 2604 595 2670 Nec
618 2605 657 2668 do
681 2603 816 2669 Sanderi
841 2605 1003 2669 sententia
1030 2604 1173 2669 dubitari
1197 2609 1307 2690 potest
1335 2606 1463 2672 collatis

289 2714 335 2777 eis
360 2732 442 2796 quae
466 2715 646 2797 sequuntur
670 2711 741 2774 Arii
764 2711 872 2777 verbis
895 2711 973 2775 ibid.
995 2711 1146 2796 456,16:
1170 2711 1305 2778 ἀκούειν
1329 2709 1367 2777 δέ
1389 2711 1459 2779 κατ’

288 2818 458 2904 ἐνέργειαν
476 2827 538 2882 τοῦ
556 2816 699 2902 μεταξὺ
723 2819 873 2903 διηχοῦς;
899 2818 953 2884 18:
976 2818 1222 2904 ὀσφραίνεσθαι
1242 2829 1302 2886 τοῦ
1321 2820 1464 2906 μεταξὺ

288 2927 437 3009 σώματος
455 2923 751 3008 ἀναπιμπλαμένον
770 2935 837 2989 τῶν
857 2923 1072 3010 ὀσφραντῶν;
1092 2925 1131 2990 cf.
1146 2927 1222 2991 ibid.
1239 2949 1290 2993 vv.
1305 2929 1349 2992 20
1364 2931 1397 2992 et
1411 2929 1464 2994 21.

288 3069 326 3080 -
353 3031 476 3108 Quodsi
504 3035 590 3097 recte
615 3031 866 3116 Philippsonum
891 3029 1134 3116 Sanderumque
1161 3033 1331 3120 intelligo,
1356 3034 1463 3100 facere

287 3162 353 3204 non
376 3161 523 3225 possum,
552 3139 631 3223 quin
658 3138 767 3223 lapsos
796 3160 852 3203 eos
881 3161 950 3203 esse
980 3140 1094 3204 dicam.
1140 3139 1255 3225 Neque
1284 3141 1372 3206 enim
1393 3141 1462 3206 veri

285 3245 414 3311 videtur
438 3245 559 3329 simile',
587 3267 700 3310 vocem
727 3243 887 3329 διαφανές
914 3245 1002 3309 aliud
1026 3267 1141 3311 sonare
1165 3247 1251 3330 apud
1276 3246 1463 3332 Stobaeum‚

208 3386 212 3393 ·
286 3353 375 3417 aliud
397 3352 481 3437 apud
500 3351 762 3437 Theophrastum
782 3355 948 3416 auctorem
969 3351 1047 3435 eius,
1072 3353 1127 3436 qui
1152 3353 1221 3418 sine
1241 3354 1340 3420 dubio
1359 3355 1463 3440 ipsius

286 3459 372 3526 oculi
390 3459 560 3523 humorem
577 3455 628 3544 (τὸ
647 3457 740 3543 πέριξ
759 3457 866 3542 ὕδωρ)
886 3479 924 3522 ea
944 3458 1128 3543 significare
1147 3460 1233 3546 vult3
1253 3483 1358 3546 neque
1379 3463 1464 3526 enim

377 3693 402 3756 l)
422 3688 463 3745 cf.
478 3690 504 3743 h.
520 3687 585 3745 diss.
600 3706 664 3758 pag.
679 3693 713 3742 49
731 3651 789 3743 not.
807 3693 831 3744 1.

375 3789 402 3858 2)
421 3787 543 3842 Volebat
561 3787 666 3841 dicere:
687 3786 846 3841 ‘consentit
863 3784 946 3841 Arist.
966 3786 1020 3841 hac
1039 3804 1150 3857 quoque
1169 3789 1204 3842 de
1222 3790 1267 3843 ra'
1288 3791 1341 3845 etc.

374 3889 401 3954 3)
421 3887 494 3941 Nam
518 3900 615 3940 vocem
643 3882 784 3955 διαφανὲς
811 3884 845 3939 de
869 3883 928 3939 solo
954 3901 1018 3940 aere
1046 3885 1101 3954 (vel
1129 3902 1203 3955 aque
1226 3888 1292 3957 etc.)
1319 3889 1459 3944 externo

284 3975 501 4046 intelligendum
521 3991 580 4029 esse
600 3976 629 4028 et
647 3990 738 4042 equae
757 3972 846 4029 oculis
864 3973 990 4030 inclusae
1008 3973 1171 4030 memoriam
1194 3975 1279 4044 plane
1297 3975 1344 4031 hic
1361 3975 1459 4031 abesse

285 4067 347 4138 ipse
363 4064 531 4120 Aristoteles
549 4062 772 4118 luculentissime
790 4063 885 4133 prodit
903 4064 947 4117 his
965 4069 1028 4134 (419
1044 4067 1133 4132 a11):
1152 4063 1170 4134 ἡ
1190 4060 1218 4119 δ’
1235 4059 1390 4134 ἐντελέχεια
1409 4073 1459 4118 τοῦ

285 4158 447 4225 διαφανοῦς
469 4161 530 4224 φῶς
553 4147 637 4208 ἐστίν.
675 4158 789 4222 σημεῖον
813 4149 844 4207 δέ
862 4151 964 4207 τοῦτον
987 4151 1126 4222 φανερδντ
1150 4148 1201 4208 έὰν
1224 4151 1278 4224 γάρ
1300 4173 1343 4217 τις
1364 4157 1405 4224 θῇ
1428 4153 1459 4208 τὸ

285 4243 349 4314 ἔχον
373 4252 469 4315 χρῶμα
493 4238 538 4298 ἔπ’
562 4241 650 4312 αὐτὴν
674 4241 725 4310 τὴν
749 4240 817 4311 ὄφιν
841 4241 892 4296 οὐκ
912 4240 1025 4312 ὄψεται·
1050 4241 1119 4296 ἀλλὰ
1143 4241 1174 4296 τὸ
1198 4239 1250 4311 μὲν
1272 4250 1369 4312 χρῶμα
1387 4247 1466 4297 κινεῖ

283 4334 314 4388 τὸ
338 4331 478 4403 διαφανὲς
505 4329 566 4388 οἷον
588 4331 638 4387 τὸν
661 4329 741 4403 ἀέρα,
765 4332 820 4387 ὑπὸ
830 4332 930 4386 τοῦτον
958 4329 990 4385 δὲ
1017 4338 1151 4402 συνεχοῦς
1179 4328 1259 4394 ὄντος
1286 4337 1406 4386 κινεῖται
1429 4329 1459 4385 τὸ

286 4421 480 4494 αἰσθητήριον.
