3358 5132
755 385 995 449 „100-

289 547 434 628 doceant,
454 546 522 610 eius
541 549 652 609 tamon
669 547 815 621 naturae,
833 547 871 608 ut
890 565 947 628 per
966 543 1062 608 calidi
1081 544 1131 608 vel
1146 543 1258 628 frigidi
1275 544 1343 608 vim
1357 543 1467 608 multi-

288 651 387 717 farias
410 655 544 715 naturas
568 651 700 715 induere
719 651 833 734 possit.
870 650 911 714 E.
929 671 976 736 gr.
997 654 1111 716 auctor
1130 652 1168 716 de
1188 651 1401 716 hebdomadis
1423 650 1465 717 18

290 755 386 845 (VIII
405 755 484 840 642)
514 779 614 821 unum
642 757 677 821 in
701 778 835 841 corporo
862 757 1034 821 humorem
1061 757 1168 823 inesse
1198 761 1289 823 ratus
1315 780 1466 824 sucorum

290 864 449 929 tetradem
472 862 604 928 minime
624 862 750 946 spernit
771 861 811 948 (c.
831 863 874 928 52
891 893 933 916 =
952 859 1033 926 VIII
1053 863 1140 948 672).
1178 863 1249 928 Hos
1272 864 1468 949 impugnant

291 976 324 1036 et
347 973 460 1035 auctor
483 970 521 1033 de
544 972 611 1034 nat.
634 969 720 1033 hom.
744 966 779 1055 (l.
803 967 839 1056 l.)
868 973 901 1034 et
923 966 1101 1056 Polybus¹)
1126 968 1226 1054 (Men.
1250 970 1310 1035 col.
1332 968 1410 1034 XIX
1430 967 1468 1056 5)

290 1100 432 1142 necnon
452 1075 547 1140 Plato
568 1073 665 1161 (Tim.
686 1077 728 1141 82
742 1074 786 1139 A:
810 1075 922 1160 ἐπειδὴ
941 1074 1022 1158 γένη
1043 1079 1180 1141 πλείονα
1200 1073 1274 1153 ἑνὸς
1292 1079 1372 1142 ὄντα
1390 1100 1468 1160 τυγ-

294 1181 410 1270 χάνει).
457 1181 520 1260 Qui
544 1187 702 1267 quantum
726 1181 910 1266 discrepent
934 1183 974 1246 ab
999 1181 1195 1247 Alcmaeone
1219 1182 1315 1248 facile
1338 1182 1419 1248 visu.

381 1290 530 1374 Denique
550 1293 627 1356 sunt
646 1289 702 1373 qui
720 1289 899 1372 plurimum
918 1290 958 1353 ab
978 1287 1176 1353 Alcmaeone
1195 1290 1380 1354 recedentes
1405 1289 1469 1356 ἀπὸ

295 1408 352 1481 τῆς
376 1403 475 1483 χολῆς
498 1399 620 1473 νόσους
643 1398 797 1479 γίνεσθαι
820 1395 951 1480 nolunt,
973 1394 1074 1459 immo
1099 1395 1162 1460 ἀπὸ
1185 1406 1252 1461 τῶν
1275 1399 1386 1462 νόσων
1409 1399 1471 1481 τὴν

295 1507 406 1589 χολήν.
454 1502 507 1568 Sic
535 1501 634 1567 Petro
664 1500 808 1587 (Menon.
837 1502 896 1566 col.
923 1501 985 1566 XX
1011 1477 1058 1588 1)“,
1091 1524 1231 1586 quocum
1264 1508 1471 1588 comparatur

293 1610 460 1675 Philolaus
480 1609 536 1693 qui
555 1609 697 1673 coleram
716 1629 785 1672 esse
803 1613 904 1694 negat
923 1609 988 1673 nisi
1008 1608 1154 1694 ἀχρείαν,
1174 1631 1272 1692 quam
1292 1611 1394 1694 ἰχῶρα
1412 1619 1472 1694 τῆς

294 1719 415 1801 σαρκὸς
429 1739 500 1782 esse
515 1716 691 1781 contendit.
726 1713 786 1779 Oui
800 1716 894 1781 unice
910 1719 1006 1799 aptus
1022 1720 1072 1780 est
1086 1716 1183 1781 Plato
1193 1712 1290 1802 (Tim.
1299 1713 1377 1781 821⁴]
1387 1715 1471 1803 sqq.)

295 1825 350 1909 qui
373 1829 407 1889 et
431 1824 554 1888 coleras
581 1827 615 1886 et
638 1822 792 1906 pituitam
815 1823 994 1906 τηκεδόνας
1007 1832 1075 1906 τῆς
1099 1825 1221 1907 σαρκὸς
1244 1845 1313 1888 esse
1332 1823 1472 1908 exponit

295 1929 348 2016 (of.
368 1930 647 2014 Thrasymachum
674 1927 824 1993 Sardium
847 1928 976 1994 Menon.
996 1929 1055 1994 col.
1079 1929 1126 1994 XI
1149 1929 1207 2016 42)
1232 1952 1350 2014 easque
1373 1929 1472 1996 παντὶ

300 2038 442 2123 χαλεπὰς
459 2045 519 2102 τοῦ
539 2037 688 2120 σώματος
706 2035 787 2100 dicit
805 2031 901 2121 (Tim.
918 2036 960 2100 83
974 2033 1027 2121 A).
1066 2032 1126 2100 Sed
1146 2036 1226 2101 haec
1245 2036 1410 2102 hactenus.
1428 2075 1471 2086 -

388 2142 498 2207 Unum
521 2146 639 2227 restat,
662 2147 700 2206 ut
723 2142 837 2226 quanti
861 2141 1111 2226 philosophi
1134 2141 1376 2226 posteriores
1398 2142 1473 2209 Alc-

298 2272 466 2316 maeonem
493 2249 631 2315 fecerint
659 2248 838 2312 ostendam.
885 2248 994 2332 Atque
1019 2248 1312 2333 Empedoclem
1341 2250 1473 2334 quidem

297 2360 336 2423 de
356 2358 483 2422 aunum
502 2359 667 2420 structura
686 2353 775 2440 (pag.
789 2352 848 2441 42)
868 2355 1046 2441 simillima,
1063 2357 1103 2420 de
1122 2355 1290 2421 oculorum
1310 2354 1398 2443 (pag.
1412 2355 1473 2444 49)

295 2465 391 2549 plane
431 2464 543 2527 eadem
581 2485 663 2547 quae
700 2461 933 2527 Alcmaeonem
973 2463 1151 2546 protulisse
1189 2485 1288 2547 supra
1323 2464 1473 2530 vidimus.

295 2571 385 2635 Idem
410 2572 448 2635 de
473 2569 595 2634 semine
620 2569 794 2633 mulierum
818 2567 906 2653 (pag.
926 2566 984 2656 63)
1009 2569 1102 2635 etde
1126 2570 1272 2653 corporis
1294 2571 1474 2637 nutritione

297 2676 385 2764 (pag.
407 2674 465 2763 78)
490 2698 562 2742 oum
588 2674 783 2740 Alcmaeone
808 2675 981 2740 consentit.
1028 2674 1267 2741 Gravissimum
1290 2682 1398 2742 autem
1422 2683 1474 2743 est

298 2785 384 2869 quod
407 2805 510 2868 nuper
533 2782 683 2846 Bidezius
708 2778 840 2868 (Archiv
860 2783 884 2862 f.
911 2781 1017 2848 Geel.
1040 2784 1068 2847 d.
1093 2782 1209 2848 Philus.
1232 2783 1289 2847 IX
1311 2785 1332 2848 2
1356 2781 1412 2868 [N.
1434 2785 1474 2849 F.

298 2891 344 2954 ΙΙ
357 2887 393 2976 2]
413 2911 486 2975 pag.
508 2891 571 2954 192
587 2891 671 2973 sqq.)
690 2888 877 2953 doctissime
898 2889 1048 2974 exposuIt
1067 2890 1105 2953 de
1125 2889 1299 2972 quaerendi
1318 2891 1473 2958 methodo

299 3019 336 3062 ac
362 2997 488 3061 ratione
512 2995 739 3080 Empedoclea.
785 2992 871 3058 Nam
894 2995 1102 3079 Empedoclis
1131 2997 1304 3061 methodus
1333 2998 1473 3064 maxime

298 3104 454 3168 abhorret
483 3109 514 3167 et
538 3126 557 3168 a
580 3102 780 3187 Xenophane
804 3102 955 3166 omnibus
984 3102 1144 3167 derebus
1173 3103 1343 3168 dubitante
1371 3108 1404 3169 et
1432 3107 1473 3170 ab

297 3209 466 3274 Heraclito
495 3213 528 3273 et
552 3208 744 3274 Parmenide
768 3209 965 3294 negantibus
993 3209 1094 3274 ullam
1119 3231 1188 3274 esse
1212 3210 1381 3275 scientiam
1409 3212 1474 3277 nisi

297 3339 314 3381 e
335 3316 460 3380 ratione
480 3321 595 3380 ortam.
632 3315 713 3380 Esse
738 3315 825 3380 enim
843 3315 1017 3399 profitetur
1036 3315 1206 3380 hominum
1226 3336 1354 3400 quoque
1374 3317 1474 3383 scien·

298 3423 392 3499 tiam,
425 3423 650 3487 circumcisam
682 3422 773 3487 illam
807 3423 937 3505 quidem
971 3424 1004 3486 et
1032 3422 1117 3487 vitae
1151 3421 1311 3487 brevitate
1339 3427 1373 3506 et
1400 3424 1474 3490 aliis

299 3528 394 3592 malis
418 3527 583 3613 humanis,
611 3528 690 3593 satis
719 3534 829 3593 tamen
854 3529 996 3613 firmam,
1024 3529 1052 3593 si
1077 3529 1172 3594 modo
1195 3529 1306 3614 parvis
1330 3532 1476 3596 contenti

297 3635 439 3700 nolimus
471 3635 625 3700 hariolari
659 3635 729 3700 sola
760 3635 837 3700 freti
870 3635 1011 3720 ratione,
1043 3635 1143 3700 immo
1172 3636 1301 3721 singula
1329 3638 1475 3703 omnium

298 3765 451 3808 sensuum
472 3765 532 3826 ope
553 3743 795 3809 accuratissime
815 3743 1013 3828 investigare
1032 3764 1092 3808 nos
1110 3765 1177 3808 non
1194 3744 1322 3827 pudeat
1370 3744 1476 3822 Quam

298 3850 385 3915 viam
410 3872 483 3915 cum
507 3872 577 3914 sese
602 3854 789 3915 secuturum
809 3871 879 3914 esse
903 3850 1023 3914 diserte
1048 3849 1145 3933 dicat,
1169 3850 1209 3914 ab
1230 3851 1342 3916 eadem
1365 3855 1477 3918 tamen

300 3957 370 4042 ipse
394 3957 584 4040 saepissime
607 3957 749 4038 decedat,
774 3956 857 4020 alius
881 3956 1048 4022 cuiusdam
1071 3956 1261 4041 philosophi
1280 3958 1476 4024 auctoritate

298 4063 423 4128 factum
450 4085 519 4128 esse
543 4063 683 4148 uidetur,
711 4067 749 4127 ut
777 4063 910 4127 adeam
940 4064 1161 4128 adduceretur.
1205 4062 1276 4127 lam
1305 4086 1379 4129 cum
1402 4053 1475 4131 Alc-

300 4171 445 4235 maeonis
466 4169 584 4235 scrinia
604 4191 677 4234 eum
698 4169 890 4253 compilasse
910 4173 1047 4254 constet,
1070 4174 1156 4235 recte
1176 4169 1315 4256 digitum
1333 4171 1478 4238 intendit

304 4276 453 4342 Bidezius
478 4277 512 4341 iu
531 4277 674 4341 eiusdem
694 4276 795 4341 verba
813 4277 1030 4342 nobilissima:
1053 4274 1129 4361 περὶ
1152 4287 1218 4341 τῶν
1239 4276 1398 4360 ἀθηήτωο
1421 4297 1479 4344 σα-

388 4506 415 4574 1)
434 4503 474 4559 Cf.
494 4521 557 4574 pag.
574 4509 607 4559 98
627 4507 722 4560 annot.
739 4512 762 4558 l.
