3358 5132
776 349 997 414 ..52-

301 509 463 576 habuerit.
499 507 586 574 Nam
610 531 683 574 cum
707 509 793 575 oculi
817 509 943 575 excussi
965 531 1083 574 nervus
1102 507 1208 574 facilis
1229 509 1273 572 sit
1292 514 1481 595 conspectu,

304 617 445 682 aliorum
460 637 613 681 sensuum
632 617 723 681 nervi
742 617 809 681 imo
826 616 982 700 incapite
1002 615 1224 699 diffinduntur,
1241 615 1290 680 ita
1308 620 1346 680 ut
1360 618 1481 682 tenuis-

303 723 386 789 sima
414 727 544 788 tantum
571 723 627 787 fila
653 745 757 807 usque
785 723 825 789 ad
852 723 941 807 ipsas
970 744 1064 787 aures
1088 726 1148 787 etc.
1171 723 1369 806 pertineant,
1398 745 1480 807 quae

303 832 344 895 ab
371 830 575 914 Alcmaeone,
604 853 700 916 quem
721 853 837 915 parum
861 830 990 896 exculta
1013 829 1178 894 anatomia
1200 852 1295 894 usum
1319 852 1390 895 esse
1414 853 1480 897 cre-

304 938 428 1022 demus,
451 941 625 1022 conspecta
644 959 715 1003 esse
733 938 929 1022 negaverim.
968 936 1105 1022 Opticos
1128 940 1239 1000 autem
1256 937 1343 1002 inter
1360 960 1478 1002 nervos

304 1049 494 1128 ceterosque
523 1048 679 1129 quantam
707 1043 923 1110 differentiam
951 1044 1108 1108 interesse
1137 1044 1265 1127 antiqui
1291 1045 1481 1128 putaverint

304 1155 342 1216 ut
365 1151 547 1236 intelligas,
575 1151 667 1216 iuvat
690 1151 804 1217 afferre
829 1149 945 1216 Galeni
969 1147 1012 1236 (d.
1031 1173 1119 1215 nerv.
1143 1149 1271 1215 dissect.
1289 1148 1323 1214 II
1343 1151 1406 1216 832
1425 1150 1479 1236 Κ.)

305 1259 406 1323 verba
423 1257 516 1324 haec:
540 1257 681 1336 δόξονσί
695 1276 749 1324 σοι
767 1254 964 1345 θεασαμένῳ
987 1257 1165 1341 καθάπερ
1188 1252 1293 1333 τινὲς
1316 1256 1418 1343 ῥίζαι
1440 1260 1481 1323 τὰ

305 1374 409 1451 νεῦρα
432 1374 534 1430 ταῦτα
557 1360 644 1430 εἶναι
667 1376 733 1431 τῶν
757 1365 952 1450 ὀφθαλμῶν.
999 1364 1172 1429 διαλύεταί
1191 1387 1228 1446 γε
1255 1363 1322 1447 μὴν
1349 1364 1411 1430 οὐκ
1433 1366 1481 1442 είς

303 1472 429 1549 πολλὰς
458 1467 530 1548 ἶνας
558 1473 670 1557 ὥσπερ
702 1473 742 1537 τὰ
770 1472 854 1536 ύλλα
884 1471 1058 1555 σύμπαντα
1086 1479 1189 1553 νεῦρα
1201 1521 1296 1537 .....
1310 1469 1394 1536 ἀλλὰ
1424 1470 1480 1537 καὶ

303 1582 444 1663 μόνοις
466 1580 595 1656 τούτοις
612 1590 682 1656 τοῖς
699 1579 832 1663 νεύροις
854 1575 934 1663 πρὶν
952 1579 1000 1654 είς
1017 1580 1076 1643 τὸν
1095 1577 1274 1662 ὀφθαλμὸν
1292 1576 1480 1663 ἐμφύεσθαι

303 1697 434 1771 σαφῶς
457 1685 574 1752 doddo
597 1685 705 1751 ἐστιν
733 1687 924 1769 αἰσθητός
946 1708 1004 1762 τις
1030 1687 1150 1769 πόρος
1173 1683 1269 1749 ὅθεν
1295 1684 1391 1750 αὐτὰ
1414 1683 1479 1751 καὶ

271 1874 275 1882 ,
301 1794 449 1878 πόρους
477 1795 578 1859 ἔνιοι
605 1803 682 1857 τῶν
709 1791 959 1876 ἀνατομιιιῶν
991 1788 1223 1877 ἐκάλεσαν.)
1269 1793 1318 1857 Ac
1344 1792 1478 1858 minime

303 1901 423 1965 mirum
441 1921 511 1965 esre
529 1900 616 1964 hunc
633 1922 769 1965 nervum
789 1894 829 1964 ab
851 1900 1046 1964 Alcmaeone
1071 1920 1142 1964 esse
1162 1902 1382 1983 conspectum,
1405 1900 1479 1963 inde

303 2011 439 2093 apparet
459 2008 557 2091 ,quod
585 2029 626 2072 ne
654 2006 834 2072 Homerum
867 2007 998 2091 quidem
1026 2005 1150 2090 fugisse
1178 2005 1321 2092 videtur,
1354 2005 1410 2091 qui
1443 2007 1482 2070 de

302 2115 505 2200 Polyphemo
529 2113 586 2179 Od.
606 2113 655 2179 IX
673 2114 752 2179 390:

393 2222 501 2286 πάντα
525 2218 566 2285 δέ
587 2223 622 2286 ol
642 2217 781 2305 βλέφαρ’
808 2217 892 2304 ἀμφὶ
916 2218 971 2284 καὶ
995 2222 1122 2306 ὄφρνας
1146 2215 1243 2285 εὗσεν
1266 2219 1373 2304 ἀυτμή

394 2330 518 2412 γλήνης
540 2325 730 2411 καιομένης·
755 2336 985 2412 σφαραγεῦντο
1010 2325 1050 2391 δέ
1070 2328 1106 2391 ol
1125 2323 1206 2409 πυρὶ
1230 2326 1322 2411 ῥίζαι.

304 2433 392 2498 Nam
416 2434 501 2519 ῥίζαι
525 2433 603 2518 quid
627 2434 694 2498 sint
717 2434 812 2498 docet
836 2432 987 2498 Galenus.

395 2539 459 2605 Sed
482 2540 560 2625 quid
583 2541 727 2624 reliquos
750 2543 876 2625 πόρους
897 2541 1143 2627 intelligemus?
1180 2540 1372 2606 Nervosnc‘?
1409 2539 1484 2605 Fin-

304 2669 419 2734 gamus
451 2651 564 2711 tantae
597 2645 820 2731 amplitudinis
849 2644 1037 2734 animalia2)
1066 2647 1107 2712 ad
1135 2648 1295 2712 sectiones
1324 2670 1398 2712 cum
1430 2650 1484 2713 ad·

305 2754 466 2837 hibuisse,
498 2758 536 2818 ut
566 2775 683 2818 nervos
716 2753 791 2817 illos
830 2754 871 2817 ad
902 2754 1002 2819 finem
1033 2775 1135 2838 usque
1170 2755 1320 2840 detegere
1355 2759 1483 2839 posset3

304 2861 467 2945 fingamus
486 2882 594 2945 poros,
613 2882 694 2944 quos
714 2860 971 2924 animadvertere
990 2860 1025 2924 in
1042 2860 1107 2926 filis
1126 2883 1192 2925 non
1210 2865 1349 2945 poterat,
1372 2865 1483 2926 tamen

305 2967 457 3051 opinione
480 2988 555 3030 eum
577 2967 792 3058 praecepisse:
822 2967 897 3051 quid
927 2967 1014 3051 quod
1041 2968 1170 3052 διηχεῑν
1197 2968 1269 3032 vult
1296 2990 1412 3032 sonum
1441 2970 1482 3034 ad

307 3073 496 3138 cerebrum?
529 3072 645 3139 Nonne
664 3073 728 3139 hoc
744 3074 903 3159 placitum
921 3096 1020 3138 unam
1039 3072 1150 3158 potius
1165 3075 1275 3159 paullo
1290 3075 1482 3159 ampliorem

305 3181 521 3248 canaliculam
545 3179 645 3264 capiti
671 3180 777 3245 inesse
802 3179 960 3264 ostendit,
985 3202 1052 3244 non
1079 3179 1135 3243 fila
1163 3183 1343 3267 compluria
1371 3183 1482 3247 difissa

304 3311 342 3354 ac
359 3287 561 3354 tenuissimis
579 3285 793 3352 foraminibus
813 3286 1002 3351 terebrata?
1034 3285 1151 3370 Itaque
1170 3310 1235 3353 non
1255 3289 1378 3373 dubito,
1403 3289 1481 3372 quin

305 3395 433 3460 aurium
452 3393 645 3476 nariumque
663 3393 737 3478 pori
755 3392 961 3479 intelligendi
980 3392 1047 3457 sint
1070 3414 1137 3458 nou
1154 3395 1255 3479 nervi,
1278 3396 1336 3460 sed
1354 3399 1481 3460 meatus

305 3501 436 3566 auditus
468 3504 502 3564 et
528 3500 682 3565 odoratus
711 3523 728 3564 e
755 3500 888 3565 fictione
921 3500 961 3563 ad
990 3501 1157 3566 cerebrum
1190 3523 1293 3585 usque
1323 3503 1481 3587 producti.

305 3607 393 3674 Nam
417 3631 490 3674 cum
513 3611 547 3671 et
570 3608 739 3673 oculorum
759 3607 955 3673 canaliculas
980 3629 1054 3672 oum
1073 3610 1205 3673 cerebro
1228 3609 1399 3675 cohaerere
1422 3633 1481 3696 per

306 3715 466 3780 sectiones
487 3717 689 3798 compertum
707 3715 844 3779 haberet
868 3717 900 3780 et
918 3713 1047 3780 narium
1065 3737 1163 3800 poros
1182 3739 1283 3801 prope
1303 3718 1481 3798 cerebrum,

305 3822 392 3908 quod
423 3821 606 3907 ἀποφύσεις
637 3845 674 3888 eo
706 3843 809 3906 usque
840 3821 1021 3906 protendit,
1057 3822 1145 3887 finiri
1176 3846 1243 3888 non
1270 3823 1481 3913 ignorarem),

395 4038 422 4104 1)
442 4033 578 4088 Similiter
602 4034 636 4088 ds
659 4053 712 4088 usu
730 4037 802 4104 part
822 4050 897 4104 corp.
917 4033 994 4090 hum.
1013 4033 1077 4089 VIll
1097 4041 1113 4089 6
1133 4034 1183 4102 (ΙΙΙ
1199 4042 1250 4091 639
1269 4037 1314 4106 Κ.)
1334 4037 1364 4090 et
1381 4037 1447 4092 XIV
1464 4044 1480 4091 3

305 4124 355 4196 (IV
364 4129 416 4180 2⁷3
428 4122 485 4192 K.);
500 4123 535 4177 de
549 4123 603 4179 loc.
613 4123 658 4178 aff.
669 4123 735 4178 lva
750 4123 825 4192 (VIII
836 4127 888 4177 219
899 4124 957 4192 K.);
972 4141 1071 4180 comm.
1082 4124 1111 4178 in
1121 4123 1193 4180 Plat.
1204 4126 1233 4179 et
1242 4123 1375 4195 Hippocr.
1385 4126 1480 4195 dogm.

305 4213 416 4284 saepius
434 4213 470 4284 (V
485 4217 577 4281 622&
597 4214 627 4268 et
645 4217 678 4268 14
692 4211 745 4281 Κ.)

395 4307 422 4372 2)
442 4303 546 4372 Caprae
564 4302 654 4358 secuit
670 4302 857 4373 Hippocrates
876 4303 901 4360 d.
917 4304 1003 4360 morb.
1020 4320 1098 4358 sacro
1119 4309 1151 4358 11
1172 4302 1222 4374 (Vl
1240 4308 1301 4371 382,
1318 4310 1333 4359 '1
1349 4304 1400 4375 L.).
1437 4305 1480 4362 De

201 4369 207 4377 ’
304 4392 474 4448 Alcmaeone
492 4391 526 4446 α.
541 4391 642 4462 fragm.
656 4391 696 4445 ιν
714 4393 744 4446 ιι
762 4390 821 4446 xn.

394 4484 422 4554 3)
440 4482 501 4536 Ηοο
519 4481 721 4550 antiquissimis
740 4482 797 4536 iam
815 4482 970 4538 constabat.
999 4483 1156 4538 Herodotus
1170 4485 1206 4556 (ll
1221 4486 1267 4556 86)
1282 4485 1317 4539 de
1331 4487 1481 4556 Aegyptiis
