<?xml version="1.0" encoding="UTF-8"?>
<!DOCTYPE html PUBLIC "-//W3C//DTD XHTML 1.0 Transitional//EN"
    "http://www.w3.org/TR/xhtml1/DTD/xhtml1-transitional.dtd">
<html xmlns="http://www.w3.org/1999/xhtml" xml:lang="en" lang="en">
 <head>
  <title>
</title>
<meta http-equiv="Content-Type" content="text/html;charset=utf-8" />
  <meta name='ocr-system' content='tesseract 3.04.00' />
  <meta name='ocr-capabilities' content='ocr_page ocr_carea ocr_par ocr_line ocrx_word'/>
</head>
<body>
  <div class='ocr_page' id='page_1' title='image "./dealcmaeonecrot00wachgoog_0076.png"; bbox 0 0 3358 5132; ppageno 0'>
   <div class='ocr_carea' id='block_1_1' title="bbox 714 361 935 426">
    <p class='ocr_par' dir='ltr' id='par_1_1' title="bbox 714 361 935 426">
     <span class='ocr_line' id='line_1_1' title="bbox 714 361 935 426; baseline -0.018 -16"><span class='ocrx_word' id='word_1_1' title='bbox 714 361 935 426; x_wconf 73' lang='lat'>..71-</span> 
     </span>
    </p>
   </div>
   <div class='ocr_carea' id='block_1_2' title="bbox 226 517 1412 2776">
    <p class='ocr_par' dir='ltr' id='par_1_2' title="bbox 234 517 1412 929">
     <span class='ocr_line' id='line_1_2' title="bbox 237 517 1412 610; baseline 0.002 -24"><span class='ocrx_word' id='word_1_2' title='bbox 237 542 318 606; x_wconf 88' lang='lat' dir='ltr'><strong>quae</strong></span> <span class='ocrx_word' id='word_1_3' title='bbox 337 520 407 606; x_wconf 89' lang='lat' dir='ltr'><strong>ipse</strong></span> <span class='ocrx_word' id='word_1_4' title='bbox 426 521 465 586; x_wconf 90' lang='lat' dir='ltr'><strong>de</strong></span> <span class='ocrx_word' id='word_1_5' title='bbox 484 527 585 608; x_wconf 90' lang='lat' dir='ltr'><strong>gustu</strong></span> <span class='ocrx_word' id='word_1_6' title='bbox 602 522 729 610; x_wconf 89' lang='lat' dir='ltr'><strong>profert</strong></span> <span class='ocrx_word' id='word_1_7' title='bbox 747 525 858 608; x_wconf 90' lang='lat' dir='ltr'><strong>aperte</strong></span> <span class='ocrx_word' id='word_1_8' title='bbox 877 520 1024 587; x_wconf 76' lang='lat' dir='ltr'>hauserit</span> <span class='ocrx_word' id='word_1_9' title='bbox 1042 517 1140 608; x_wconf 78' lang='lat' dir='ltr'><strong>(Dor.</strong></span> <span class='ocrx_word' id='word_1_10' title='bbox 1153 521 1219 587; x_wconf 77' lang='lat'><strong>407</strong></span> <span class='ocrx_word' id='word_1_11' title='bbox 1239 542 1258 586; x_wconf 89' lang='lat' dir='ltr'><strong>a</strong></span> <span class='ocrx_word' id='word_1_12' title='bbox 1279 521 1412 608; x_wconf 66' lang='lat'><strong>1215),</strong></span> 
     </span>
     <span class='ocr_line' id='line_1_3' title="bbox 235 627 1411 716; baseline 0.002 -24"><span class='ocrx_word' id='word_1_13' title='bbox 235 628 302 694; x_wconf 86' lang='lat' dir='ltr'><strong>veri</strong></span> <span class='ocrx_word' id='word_1_14' title='bbox 321 627 527 695; x_wconf 89' lang='lat' dir='ltr'><strong>simillimum</strong></span> <span class='ocrx_word' id='word_1_15' title='bbox 544 631 674 697; x_wconf 82' lang='lat' dir='ltr'><strong>videtur</strong></span> <span class='ocrx_word' id='word_1_16' title='bbox 697 629 854 716; x_wconf 76' lang='lat' dir='ltr'><strong>spongiae</strong></span> <span class='ocrx_word' id='word_1_17' title='bbox 877 649 1006 714; x_wconf 89' lang='lat' dir='ltr'><strong>quoque</strong></span> <span class='ocrx_word' id='word_1_18' title='bbox 1025 628 1202 715; x_wconf 80' lang='lat' dir='ltr'><strong>imaginem</strong></span> <span class='ocrx_word' id='word_1_19' title='bbox 1220 627 1299 712; x_wconf 79' lang='lat'>(407</span> <span class='ocrx_word' id='word_1_20' title='bbox 1320 629 1411 713; x_wconf 70' lang='lat' dir='ltr'><strong>aso)</strong></span> 
     </span>
     <span class='ocr_line' id='line_1_4' title="bbox 235 734 1412 824; baseline 0.003 -24"><span class='ocrx_word' id='word_1_21' title='bbox 235 741 274 800; x_wconf 79' lang='lat' dir='ltr'><strong>c&#39;x</strong></span> <span class='ocrx_word' id='word_1_22' title='bbox 292 734 491 803; x_wconf 76' lang='lat' dir='ltr'><strong>Alcmaeone</strong></span> <span class='ocrx_word' id='word_1_23' title='bbox 514 739 740 824; x_wconf 74' lang='lat' dir='ltr'><strong>depromptam</strong></span> <span class='ocrx_word' id='word_1_24' title='bbox 763 757 842 821; x_wconf 89' lang='lat' dir='ltr'><strong>esse,</strong></span> <span class='ocrx_word' id='word_1_25' title='bbox 867 757 964 821; x_wconf 91' lang='lat' dir='ltr'><strong>quem</strong></span> <span class='ocrx_word' id='word_1_26' title='bbox 986 737 1098 800; x_wconf 89' lang='lat' dir='ltr'><strong>eadem</strong></span> <span class='ocrx_word' id='word_1_27' title='bbox 1120 735 1157 800; x_wconf 93' lang='lat' dir='ltr'><strong>in</strong></span> <span class='ocrx_word' id='word_1_28' title='bbox 1179 734 1271 800; x_wconf 85' lang='lat' dir='ltr'><strong>foetu</strong></span> <span class='ocrx_word' id='word_1_29' title='bbox 1294 735 1412 802; x_wconf 88' lang='lat' dir='ltr'><strong>descri-</strong></span> 
     </span>
     <span class='ocr_line' id='line_1_5' title="bbox 234 841 1262 929; baseline 0.001 -22"><span class='ocrx_word' id='word_1_30' title='bbox 234 842 339 908; x_wconf 87' lang='lat' dir='ltr'><strong>bendo</strong></span> <span class='ocrx_word' id='word_1_31' title='bbox 362 864 458 908; x_wconf 88' lang='lat' dir='ltr'><strong>usum</strong></span> <span class='ocrx_word' id='word_1_32' title='bbox 482 844 638 910; x_wconf 90' lang='lat' dir='ltr'><strong>essehoc</strong></span> <span class='ocrx_word' id='word_1_33' title='bbox 661 844 846 929; x_wconf 84' lang='lat' dir='ltr'><strong>fragmento</strong></span> <span class='ocrx_word' id='word_1_34' title='bbox 870 845 1072 928; x_wconf 85' lang='lat' dir='ltr'><strong>compertum</strong></span> <span class='ocrx_word' id='word_1_35' title='bbox 1094 841 1262 908; x_wconf 90' lang='lat' dir='ltr'><strong>habemus.</strong></span> 
     </span>
    </p>

    <p class='ocr_par' dir='ltr' id='par_1_3' title="bbox 226 947 1411 2643">
     <span class='ocr_line' id='line_1_6' title="bbox 318 947 1411 1037; baseline 0.002 -22"><span class='ocrx_word' id='word_1_36' title='bbox 318 949 440 1016; x_wconf 84' lang='lat' dir='ltr'><strong>Facere</strong></span> <span class='ocrx_word' id='word_1_37' title='bbox 467 950 571 1037; x_wconf 88' lang='lat' dir='ltr'><strong>igitur</strong></span> <span class='ocrx_word' id='word_1_38' title='bbox 598 973 665 1017; x_wconf 90' lang='lat' dir='ltr'><strong>non</strong></span> <span class='ocrx_word' id='word_1_39' title='bbox 691 972 826 1036; x_wconf 89' lang='lat' dir='ltr'><strong>possum</strong></span> <span class='ocrx_word' id='word_1_40' title='bbox 854 949 932 1034; x_wconf 90' lang='lat' dir='ltr'><strong>quin</strong></span> <span class='ocrx_word' id='word_1_41' title='bbox 956 947 1079 1016; x_wconf 86' lang='lat' dir='ltr'><strong>Rufum</strong></span> <span class='ocrx_word' id='word_1_42' title='bbox 1108 970 1234 1014; x_wconf 87' lang='lat' dir='ltr'><strong>errasse</strong></span> <span class='ocrx_word' id='word_1_43' title='bbox 1262 948 1411 1017; x_wconf 87' lang='lat' dir='ltr'><strong>iudicem.</strong></span> 
     </span>
     <span class='ocr_line' id='line_1_7' title="bbox 235 1055 1409 1142; baseline 0.001 -20"><span class='ocrx_word' id='word_1_44' title='bbox 235 1058 297 1136; x_wconf 85' lang='lat' dir='ltr'><strong>Qui</strong></span> <span class='ocrx_word' id='word_1_45' title='bbox 316 1058 400 1124; x_wconf 89' lang='lat' dir='ltr'><strong>unde</strong></span> <span class='ocrx_word' id='word_1_46' title='bbox 419 1081 479 1124; x_wconf 88' lang='lat' dir='ltr'><strong>sua</strong></span> <span class='ocrx_word' id='word_1_47' title='bbox 497 1058 644 1124; x_wconf 73' lang='lat' dir='ltr'><strong>hauserit</strong></span> <span class='ocrx_word' id='word_1_48' title='bbox 663 1058 692 1122; x_wconf 90' lang='lat' dir='ltr'><strong>si</strong></span> <span class='ocrx_word' id='word_1_49' title='bbox 712 1056 852 1142; x_wconf 87' lang='lat' dir='ltr'><strong>quaeris,</strong></span> <span class='ocrx_word' id='word_1_50' title='bbox 872 1055 1023 1122; x_wconf 88' lang='lat' dir='ltr'><strong>attendas</strong></span> <span class='ocrx_word' id='word_1_51' title='bbox 1041 1055 1139 1122; x_wconf 85' lang='lat' dir='ltr'><strong>velim</strong></span> <span class='ocrx_word' id='word_1_52' title='bbox 1159 1078 1258 1140; x_wconf 88' lang='lat' dir='ltr'><strong>qnam</strong></span> <span class='ocrx_word' id='word_1_53' title='bbox 1277 1079 1409 1123; x_wconf 89' lang='lat' dir='ltr'><strong>causam</strong></span> 
     </span>
     <span class='ocr_line' id='line_1_8' title="bbox 232 1163 1409 1250; baseline -0.002 -18"><span class='ocrx_word' id='word_1_54' title='bbox 232 1166 328 1232; x_wconf 79' lang='lat' dir='ltr'><strong>huius</strong></span> <span class='ocrx_word' id='word_1_55' title='bbox 361 1165 526 1250; x_wconf 81' lang='lat' dir='ltr'><strong>opinionis</strong></span> <span class='ocrx_word' id='word_1_56' title='bbox 558 1165 681 1232; x_wconf 85' lang='lat' dir='ltr'><strong>afferat.</strong></span> <span class='ocrx_word' id='word_1_57' title='bbox 736 1163 823 1229; x_wconf 89' lang='lat' dir='ltr'><strong>Nam</strong></span> <span class='ocrx_word' id='word_1_58' title='bbox 856 1185 930 1230; x_wconf 90' lang='lat' dir='ltr'><strong>cum</strong></span> <span class='ocrx_word' id='word_1_59' title='bbox 959 1163 1059 1230; x_wconf 89' lang='lat' dir='ltr'><strong>ceteri</strong></span> <span class='ocrx_word' id='word_1_60' title='bbox 1092 1164 1147 1250; x_wconf 88' lang='lat' dir='ltr'><strong>qui</strong></span> <span class='ocrx_word' id='word_1_61' title='bbox 1179 1163 1409 1250; x_wconf 81' lang='lat' dir='ltr'><strong>cotyledonum</strong></span> 
     </span>
     <span class='ocr_line' id='line_1_9' title="bbox 231 1269 1409 1358; baseline 0 -20"><span class='ocrx_word' id='word_1_62' title='bbox 231 1273 415 1339; x_wconf 77' lang='lat' dir='ltr'><strong>doctrinam</strong></span> <span class='ocrx_word' id='word_1_63' title='bbox 433 1272 579 1358; x_wconf 85' lang='lat' dir='ltr'><strong>professi</strong></span> <span class='ocrx_word' id='word_1_64' title='bbox 598 1277 685 1358; x_wconf 91' lang='lat' dir='ltr'><strong>sunt,</strong></span> <span class='ocrx_word' id='word_1_65' title='bbox 708 1271 794 1357; x_wconf 90' lang='lat' dir='ltr'><strong>quod</strong></span> <span class='ocrx_word' id='word_1_66' title='bbox 817 1270 928 1353; x_wconf 86' lang='lat' dir='ltr'><strong>sciam,</strong></span> <span class='ocrx_word' id='word_1_67' title='bbox 951 1292 1063 1336; x_wconf 89' lang='lat' dir='ltr'><strong>omnes</strong></span> <span class='ocrx_word' id='word_1_68' title='bbox 1082 1269 1268 1358; x_wconf 78' lang='lat' dir='ltr'><strong>(Epicurus,</strong></span> <span class='ocrx_word' id='word_1_69' title='bbox 1290 1270 1409 1338; x_wconf 86' lang='lat' dir='ltr'><strong>Demo·</strong></span> 
     </span>
     <span class='ocr_line' id='line_1_10' title="bbox 231 1375 1408 1464; baseline 0.002 -20"><span class='ocrx_word' id='word_1_70' title='bbox 231 1377 346 1444; x_wconf 88' lang='lat' dir='ltr'><strong>oritus:</strong></span> <span class='ocrx_word' id='word_1_71' title='bbox 369 1377 451 1444; x_wconf 86' lang='lat' dir='ltr'><strong>Dox.</strong></span> <span class='ocrx_word' id='word_1_72' title='bbox 470 1379 537 1444; x_wconf 83' lang='grc'><strong>426</strong></span> <span class='ocrx_word' id='word_1_73' title='bbox 558 1401 577 1444; x_wconf 90' lang='lat' dir='ltr'><strong>a</strong></span> <span class='ocrx_word' id='word_1_74' title='bbox 598 1380 653 1464; x_wconf 76' lang='lat'><strong>163</strong></span> <span class='ocrx_word' id='word_1_75' title='bbox 682 1377 807 1462; x_wconf 86' lang='lat' dir='ltr'><strong>Hippo,</strong></span> <span class='ocrx_word' id='word_1_76' title='bbox 835 1375 999 1463; x_wconf 86' lang='lat' dir='ltr'><strong>Diogenes</strong></span> <span class='ocrx_word' id='word_1_77' title='bbox 1023 1376 1145 1464; x_wconf 83' lang='lat' dir='ltr'><strong>Apoll:</strong></span> <span class='ocrx_word' id='word_1_78' title='bbox 1173 1375 1304 1445; x_wconf 77' lang='lat' dir='ltr'><strong>Censor.</strong></span> <span class='ocrx_word' id='word_1_79' title='bbox 1327 1381 1362 1464; x_wconf 83' lang='lat'><strong>6,</strong></span> <span class='ocrx_word' id='word_1_80' title='bbox 1387 1382 1408 1446; x_wconf 88' lang='lat'><strong>3</strong></span> 
     </span>
     <span class='ocr_line' id='line_1_11' title="bbox 231 1483 1407 1572; baseline 0 -20"><span class='ocrx_word' id='word_1_81' title='bbox 231 1487 271 1552; x_wconf 80' lang='lat' dir='ltr'><strong>ct</strong></span> <span class='ocrx_word' id='word_1_82' title='bbox 296 1484 529 1572; x_wconf 79' lang='lat' dir='ltr'><strong>Aristophanis</strong></span> <span class='ocrx_word' id='word_1_83' title='bbox 557 1485 592 1550; x_wconf 92' lang='lat' dir='ltr'><strong>in</strong></span> <span class='ocrx_word' id='word_1_84' title='bbox 619 1483 810 1551; x_wconf 86' lang='lat' dir='ltr'><strong>Aristotelis</strong></span> <span class='ocrx_word' id='word_1_85' title='bbox 839 1485 878 1550; x_wconf 92' lang='lat' dir='ltr'><strong>de</strong></span> <span class='ocrx_word' id='word_1_86' title='bbox 906 1485 1035 1550; x_wconf 88' lang='lat' dir='ltr'><strong>animal.</strong></span> <span class='ocrx_word' id='word_1_87' title='bbox 1063 1484 1229 1569; x_wconf 87' lang='lat' dir='ltr'><strong>epitomen</strong></span> <span class='ocrx_word' id='word_1_88' title='bbox 1254 1518 1296 1539; x_wconf 89' lang='lat'>=</span> <span class='ocrx_word' id='word_1_89' title='bbox 1324 1485 1407 1554; x_wconf 83' lang='lat' dir='ltr'><strong>Dox.</strong></span> 
     </span>
     <span class='ocr_line' id='line_1_12' title="bbox 233 1591 1406 1680; baseline 0 -20"><span class='ocrx_word' id='word_1_90' title='bbox 233 1592 359 1680; x_wconf 82' lang='lat'><strong>191,1)</strong></span> <span class='ocrx_word' id='word_1_91' title='bbox 382 1593 417 1658; x_wconf 90' lang='lat' dir='ltr'><strong>in</strong></span> <span class='ocrx_word' id='word_1_92' title='bbox 440 1615 478 1658; x_wconf 92' lang='lat' dir='ltr'><strong>eo</strong></span> <span class='ocrx_word' id='word_1_93' title='bbox 503 1597 634 1658; x_wconf 87' lang='lat' dir='ltr'><strong>tantum</strong></span> <span class='ocrx_word' id='word_1_94' title='bbox 655 1591 719 1658; x_wconf 91' lang='lat' dir='ltr'><strong>niti</strong></span> <span class='ocrx_word' id='word_1_95' title='bbox 742 1592 879 1678; x_wconf 79' lang='lat' dir='ltr'><strong>soleant,</strong></span> <span class='ocrx_word' id='word_1_96' title='bbox 903 1593 990 1677; x_wconf 89' lang='lat' dir='ltr'><strong>quod</strong></span> <span class='ocrx_word' id='word_1_97' title='bbox 1012 1592 1120 1657; x_wconf 90' lang='lat' dir='ltr'><strong>infans</strong></span> <span class='ocrx_word' id='word_1_98' title='bbox 1144 1592 1250 1659; x_wconf 87' lang='lat' dir='ltr'><strong>editus</strong></span> <span class='ocrx_word' id='word_1_99' title='bbox 1273 1616 1314 1658; x_wconf 84' lang='lat' dir='ltr'><strong>ex</strong></span> <span class='ocrx_word' id='word_1_100' title='bbox 1332 1595 1406 1661; x_wconf 80' lang='lat' dir='ltr'><strong>alvo</strong></span> 
     </span>
     <span class='ocr_line' id='line_1_13' title="bbox 231 1699 1406 1786; baseline -0.001 -19"><span class='ocrx_word' id='word_1_101' title='bbox 231 1702 346 1767; x_wconf 88' lang='lat' dir='ltr'><strong>matris</strong></span> <span class='ocrx_word' id='word_1_102' title='bbox 379 1701 481 1766; x_wconf 89' lang='lat' dir='ltr'><strong>ubera</strong></span> <span class='ocrx_word' id='word_1_103' title='bbox 508 1723 563 1766; x_wconf 90' lang='lat' dir='ltr'><strong>ore</strong></span> <span class='ocrx_word' id='word_1_104' title='bbox 596 1699 836 1786; x_wconf 88' lang='lat' dir='ltr'><strong>apprehendere</strong></span> <span class='ocrx_word' id='word_1_105' title='bbox 868 1721 935 1764; x_wconf 90' lang='lat' dir='ltr'><strong>non</strong></span> <span class='ocrx_word' id='word_1_106' title='bbox 962 1702 1148 1785; x_wconf 88' lang='lat' dir='ltr'><strong>cunctetur,</strong></span> <span class='ocrx_word' id='word_1_107' title='bbox 1180 1700 1328 1768; x_wconf 84' lang='lat' dir='ltr'><strong>conferas</strong></span> <span class='ocrx_word' id='word_1_108' title='bbox 1361 1702 1406 1766; x_wconf 90' lang='lat' dir='ltr'><strong>sis</strong></span> 
     </span>
     <span class='ocr_line' id='line_1_14' title="bbox 231 1805 1406 1894; baseline 0 -20"><span class='ocrx_word' id='word_1_109' title='bbox 231 1831 312 1893; x_wconf 88' lang='lat' dir='ltr'><strong>quae</strong></span> <span class='ocrx_word' id='word_1_110' title='bbox 339 1808 465 1894; x_wconf 83' lang='lat' dir='ltr'><strong>profert</strong></span> <span class='ocrx_word' id='word_1_111' title='bbox 493 1807 712 1894; x_wconf 79' lang='lat' dir='ltr'><strong>Hippocrates</strong></span> <span class='ocrx_word' id='word_1_112' title='bbox 740 1830 771 1891; x_wconf 91' lang='lat' dir='ltr'><strong>q.</strong></span> <span class='ocrx_word' id='word_1_113' title='bbox 794 1828 824 1871; x_wconf 85' lang='lat' dir='ltr'><strong>v.</strong></span> <span class='ocrx_word' id='word_1_114' title='bbox 852 1806 891 1870; x_wconf 87' lang='lat' dir='ltr'><strong>de</strong></span> <span class='ocrx_word' id='word_1_115' title='bbox 919 1805 1055 1891; x_wconf 90' lang='lat' dir='ltr'><strong>princip.</strong></span> <span class='ocrx_word' id='word_1_116' title='bbox 1075 1808 1109 1872; x_wconf 84' lang='lat'><strong>6:</strong></span> <span class='ocrx_word' id='word_1_117' title='bbox 1136 1809 1169 1872; x_wconf 90' lang='grc' dir='ltr'><strong><em>εί</em></strong></span> <span class='ocrx_word' id='word_1_118' title='bbox 1195 1806 1236 1873; x_wconf 78' lang='grc' dir='ltr'><strong>δέ</strong></span> <span class='ocrx_word' id='word_1_119' title='bbox 1254 1831 1304 1885; x_wconf 84' lang='grc' dir='ltr'><strong>τις</strong></span> <span class='ocrx_word' id='word_1_120' title='bbox 1326 1808 1406 1894; x_wconf 79' lang='grc' dir='ltr'><strong><em>ἐρα-</em></strong></span> 
     </span>
     <span class='ocr_line' id='line_1_15' title="bbox 230 1909 1407 1998; baseline 0.001 -18"><span class='ocrx_word' id='word_1_121' title='bbox 230 1919 303 1998; x_wconf 83' lang='grc' dir='ltr'><strong><em>εοίη</em></strong></span> <span class='ocrx_word' id='word_1_122' title='bbox 329 1926 400 1992; x_wconf 80' lang='grc' dir='ltr'><strong>πῶς</strong></span> <span class='ocrx_word' id='word_1_123' title='bbox 426 1923 525 1981; x_wconf 82' lang='grc' dir='ltr'><strong><em>τοῦτο</em></strong></span> <span class='ocrx_word' id='word_1_124' title='bbox 557 1909 631 1980; x_wconf 78' lang='grc' dir='ltr'><strong><em>οἶδε’</em></strong></span> <span class='ocrx_word' id='word_1_125' title='bbox 655 1937 721 1998; x_wconf 79' lang='grc' dir='ltr'><strong><em>τις,</em></strong></span> <span class='ocrx_word' id='word_1_126' title='bbox 753 1913 803 1978; x_wconf 82' lang='grc' dir='ltr'><strong>ὅτι</strong></span> <span class='ocrx_word' id='word_1_127' title='bbox 832 1910 869 1978; x_wconf 80' lang='grc' dir='ltr'><strong><em>ἐν</em></strong></span> <span class='ocrx_word' id='word_1_128' title='bbox 896 1921 935 1997; x_wconf 76' lang='grc' dir='ltr'><strong>τῇ</strong></span> <span class='ocrx_word' id='word_1_129' title='bbox 963 1910 1062 1996; x_wconf 80' lang='grc' dir='ltr'><strong><em>μητρὶ</em></strong></span> <span class='ocrx_word' id='word_1_130' title='bbox 1092 1915 1129 1979; x_wconf 88' lang='grc' dir='ltr'><strong>τὸ</strong></span> <span class='ocrx_word' id='word_1_131' title='bbox 1157 1915 1292 1980; x_wconf 78' lang='grc' dir='ltr'><strong><em>παιδίον</em></strong></span> <span class='ocrx_word' id='word_1_132' title='bbox 1320 1914 1407 1981; x_wconf 81' lang='grc' dir='ltr'><strong><em>ἕλκει</em></strong></span> 
     </span>
     <span class='ocr_line' id='line_1_16' title="bbox 229 2017 1406 2110; baseline 0 -22"><span class='ocrx_word' id='word_1_133' title='bbox 229 2020 313 2110; x_wconf 89' lang='lat' dir='ltr'><strong>(scil.</strong></span> <span class='ocrx_word' id='word_1_134' title='bbox 338 2024 399 2108; x_wconf 83' lang='grc' dir='ltr'><strong><em>τήν</em></strong></span> <span class='ocrx_word' id='word_1_135' title='bbox 426 2017 569 2107; x_wconf 83' lang='grc' dir='ltr'><strong><em>τροφήν)</em></strong></span> <span class='ocrx_word' id='word_1_136' title='bbox 596 2017 652 2085; x_wconf 77' lang='grc' dir='ltr'><strong>καί</strong></span> <span class='ocrx_word' id='word_1_137' title='bbox 679 2020 783 2104; x_wconf 78' lang='grc' dir='ltr'><strong><em>μύζει,</em></strong></span> <span class='ocrx_word' id='word_1_138' title='bbox 809 2019 887 2084; x_wconf 79' lang='lat' dir='ltr'><strong>acide</strong></span> <span class='ocrx_word' id='word_1_139' title='bbox 915 2018 1003 2107; x_wconf 77' lang='grc' dir='ltr'><strong><em>αὐτῷ</em></strong></span> <span class='ocrx_word' id='word_1_140' title='bbox 1032 2021 1123 2085; x_wconf 82' lang='grc' dir='ltr'><strong><em>ἔστιν</em></strong></span> <span class='ocrx_word' id='word_1_141' title='bbox 1148 2019 1406 2105; x_wconf 78' lang='grc' dir='ltr'><strong><em>ἀποκρίνασθαι·</em></strong></span> 
     </span>
     <span class='ocr_line' id='line_1_17' title="bbox 230 2124 1405 2214; baseline 0.002 -20"><span class='ocrx_word' id='word_1_142' title='bbox 230 2131 355 2214; x_wconf 78' lang='grc' dir='ltr'><strong><em>κόπρον</em></strong></span> <span class='ocrx_word' id='word_1_143' title='bbox 378 2131 455 2214; x_wconf 78' lang='grc' dir='ltr'><strong><em>ἔχον</em></strong></span> <span class='ocrx_word' id='word_1_144' title='bbox 478 2127 515 2194; x_wconf 83' lang='grc' dir='ltr'><strong><em>ἐν</em></strong></span> <span class='ocrx_word' id='word_1_145' title='bbox 538 2139 647 2193; x_wconf 84' lang='grc' dir='ltr'><strong><em>τοῖσιν</em></strong></span> <span class='ocrx_word' id='word_1_146' title='bbox 670 2125 832 2212; x_wconf 74' lang='grc' dir='ltr'><strong><em>ἐντέροισι</em></strong></span> <span class='ocrx_word' id='word_1_147' title='bbox 855 2128 992 2210; x_wconf 81' lang='grc' dir='ltr'><strong><em>γίνεται,</em></strong></span> <span class='ocrx_word' id='word_1_148' title='bbox 1014 2124 1068 2192; x_wconf 81' lang='grc' dir='ltr'><strong>καί</strong></span> <span class='ocrx_word' id='word_1_149' title='bbox 1088 2125 1249 2194; x_wconf 65' lang='lat' dir='ltr'><strong>damasec</strong></span> <span class='ocrx_word' id='word_1_150' title='bbox 1269 2127 1405 2196; x_wconf 77' lang='grc' dir='ltr'><strong><em>ἐπειδὰν</em></strong></span> 
     </span>
     <span class='ocr_line' id='line_1_18' title="bbox 227 2231 1405 2320; baseline 0.003 -20"><span class='ocrx_word' id='word_1_151' title='bbox 227 2233 360 2320; x_wconf 77' lang='grc' dir='ltr'><strong><em>γένηται</em></strong></span> <span class='ocrx_word' id='word_1_152' title='bbox 383 2235 528 2320; x_wconf 78' lang='grc' dir='ltr'><strong><em>τάχιστα,</em></strong></span> <span class='ocrx_word' id='word_1_153' title='bbox 550 2231 606 2300; x_wconf 81' lang='grc' dir='ltr'><strong>καί</strong></span> <span class='ocrx_word' id='word_1_154' title='bbox 629 2236 665 2299; x_wconf 89' lang='grc' dir='ltr'><strong>οί</strong></span> <span class='ocrx_word' id='word_1_155' title='bbox 685 2231 939 2319; x_wconf 73' lang='grc' dir='ltr'><strong><em>ἄνθρωπονκαὶ</em></strong></span> <span class='ocrx_word' id='word_1_156' title='bbox 962 2234 1002 2299; x_wconf 79' lang='grc' dir='ltr'><strong>τὰ</strong></span> <span class='ocrx_word' id='word_1_157' title='bbox 1024 2236 1188 2320; x_wconf 80' lang='grc' dir='ltr'><strong><em>πρόβατα·</em></strong></span> <span class='ocrx_word' id='word_1_158' title='bbox 1211 2239 1319 2303; x_wconf 85' lang='grc' dir='ltr'><strong><em>καίτοι</em></strong></span> <span class='ocrx_word' id='word_1_159' title='bbox 1342 2236 1405 2303; x_wconf 82' lang='grc' dir='ltr'><strong>οὐκ</strong></span> 
     </span>
     <span class='ocr_line' id='line_1_19' title="bbox 227 2336 1404 2429; baseline 0.003 -22"><span class='ocrx_word' id='word_1_160' title='bbox 227 2341 269 2408; x_wconf 80' lang='grc' dir='ltr'><strong><em>ἂν</em></strong></span> <span class='ocrx_word' id='word_1_161' title='bbox 291 2337 357 2428; x_wconf 81' lang='grc' dir='ltr'><strong><em>εἶχε</em></strong></span> <span class='ocrx_word' id='word_1_162' title='bbox 380 2344 521 2427; x_wconf 83' lang='grc' dir='ltr'><strong><em>κόπρον,</em></strong></span> <span class='ocrx_word' id='word_1_163' title='bbox 551 2343 583 2406; x_wconf 87' lang='grc' dir='ltr'><strong><em>εί</em></strong></span> <span class='ocrx_word' id='word_1_164' title='bbox 604 2343 649 2426; x_wconf 83' lang='grc' dir='ltr'><strong>μή</strong></span> <span class='ocrx_word' id='word_1_165' title='bbox 673 2339 710 2406; x_wconf 75' lang='grc' dir='ltr'><strong><em>ἐν</em></strong></span> <span class='ocrx_word' id='word_1_166' title='bbox 732 2349 806 2425; x_wconf 78' lang='grc' dir='ltr'><strong><em>τήσι</em></strong></span> <span class='ocrx_word' id='word_1_167' title='bbox 828 2343 993 2428; x_wconf 74' lang='grc' dir='ltr'><strong><em>μήτρῃσιν</em></strong></span> <span class='ocrx_word' id='word_1_168' title='bbox 1015 2342 1148 2425; x_wconf 83' lang='grc' dir='ltr'><strong><em>ἔμνζεν,</em></strong></span> <span class='ocrx_word' id='word_1_169' title='bbox 1176 2341 1247 2408; x_wconf 80' lang='grc' dir='ltr'><strong>οὐδ’</strong></span> <span class='ocrx_word' id='word_1_170' title='bbox 1254 2336 1259 2344; x_wconf 75' lang='grc'><strong><em>’</em></strong></span> <span class='ocrx_word' id='word_1_171' title='bbox 1276 2342 1319 2410; x_wconf 79' lang='grc' dir='ltr'><strong><em>ἂν</em></strong></span> <span class='ocrx_word' id='word_1_172' title='bbox 1341 2350 1404 2429; x_wconf 81' lang='grc' dir='ltr'><strong>θη-</strong></span> 
     </span>
     <span class='ocr_line' id='line_1_20' title="bbox 227 2448 1402 2536; baseline 0.003 -22"><span class='ocrx_word' id='word_1_173' title='bbox 227 2449 335 2527; x_wconf 78' lang='grc' dir='ltr'><strong><em>λάζειν</em></strong></span> <span class='ocrx_word' id='word_1_174' title='bbox 357 2451 416 2515; x_wconf 85' lang='grc' dir='ltr'><strong><em>τὸν</em></strong></span> <span class='ocrx_word' id='word_1_175' title='bbox 439 2450 572 2533; x_wconf 78' lang='grc' dir='ltr'><strong><em>μασθὸν</em></strong></span> <span class='ocrx_word' id='word_1_176' title='bbox 595 2449 753 2536; x_wconf 77' lang='grc' dir='ltr'><strong><em>ήσίστατο</em></strong></span> <span class='ocrx_word' id='word_1_177' title='bbox 777 2448 989 2533; x_wconf 80' lang='grc' dir='ltr'><strong><em>γεννώμενον</em></strong></span> <span class='ocrx_word' id='word_1_178' title='bbox 1012 2448 1144 2533; x_wconf 85' lang='grc' dir='ltr'><strong><em>αὐτίκα,</em></strong></span> <span class='ocrx_word' id='word_1_179' title='bbox 1166 2451 1198 2514; x_wconf 87' lang='grc' dir='ltr'><strong><em>εί</em></strong></span> <span class='ocrx_word' id='word_1_180' title='bbox 1220 2451 1264 2534; x_wconf 82' lang='grc' dir='ltr'><strong>μή</strong></span> <span class='ocrx_word' id='word_1_181' title='bbox 1287 2449 1342 2516; x_wconf 80' lang='grc' dir='ltr'><strong>καὶ</strong></span> <span class='ocrx_word' id='word_1_182' title='bbox 1365 2451 1402 2517; x_wconf 78' lang='grc' dir='ltr'><strong><em>ἐν</em></strong></span> 
     </span>
     <span class='ocr_line' id='line_1_21' title="bbox 226 2557 522 2643; baseline 0.007 -23"><span class='ocrx_word' id='word_1_183' title='bbox 226 2565 265 2641; x_wconf 79' lang='grc' dir='ltr'><strong>τῇ</strong></span> <span class='ocrx_word' id='word_1_184' title='bbox 288 2558 394 2643; x_wconf 80' lang='grc' dir='ltr'><strong><em>μήτρῃ</em></strong></span> <span class='ocrx_word' id='word_1_185' title='bbox 417 2557 522 2641; x_wconf 77' lang='grc' dir='ltr'><strong><em>ἔμυζε.</em></strong></span> 
     </span>
    </p>

    <p class='ocr_par' dir='ltr' id='par_1_4' title="bbox 699 2707 931 2776">
     <span class='ocr_line' id='line_1_22' title="bbox 699 2707 931 2776; baseline 0 -13"><span class='ocrx_word' id='word_1_186' title='bbox 699 2707 832 2776; x_wconf 77' lang='lat' dir='ltr'><strong>Fragm·</strong></span> <span class='ocrx_word' id='word_1_187' title='bbox 856 2707 931 2763; x_wconf 75' lang='grc' dir='ltr'><strong>Π.</strong></span> 
     </span>
    </p>
   </div>
   <div class='ocr_carea' id='block_1_3' title="bbox 225 2838 1405 4002">
    <p class='ocr_par' dir='ltr' id='par_1_5' title="bbox 225 2838 1403 3248">
     <span class='ocr_line' id='line_1_23' title="bbox 313 2838 1403 2928; baseline 0.004 -23"><span class='ocrx_word' id='word_1_188' title='bbox 313 2841 412 2907; x_wconf 92' lang='lat' dir='ltr'><strong>Plut.</strong></span> <span class='ocrx_word' id='word_1_189' title='bbox 432 2841 534 2927; x_wconf 80' lang='lat' dir='ltr'><strong>Epit.</strong></span> <span class='ocrx_word' id='word_1_190' title='bbox 549 2841 580 2906; x_wconf 91' lang='lat' dir='ltr'>V</span> <span class='ocrx_word' id='word_1_191' title='bbox 595 2842 680 2928; x_wconf 80' lang='lat'>24‚1</span> <span class='ocrx_word' id='word_1_192' title='bbox 702 2838 798 2927; x_wconf 78' lang='lat' dir='ltr'><strong>(Dor.</strong></span> <span class='ocrx_word' id='word_1_193' title='bbox 812 2839 879 2905; x_wconf 85' lang='lat'><strong>435</strong></span> <span class='ocrx_word' id='word_1_194' title='bbox 899 2863 919 2905; x_wconf 88' lang='lat' dir='ltr'><strong>a</strong></span> <span class='ocrx_word' id='word_1_195' title='bbox 939 2838 996 2927; x_wconf 89' lang='lat'><strong>11)</strong></span> <span class='ocrx_word' id='word_1_196' title='bbox 1015 2863 1058 2906; x_wconf 81' lang='lat' dir='ltr'><strong>ex</strong></span> <span class='ocrx_word' id='word_1_197' title='bbox 1072 2841 1202 2907; x_wconf 77' lang='lat' dir='ltr'><strong>Aetio:</strong></span> <span class='ocrx_word' id='word_1_198' title='bbox 1217 2839 1403 2928; x_wconf 77' lang='grc' dir='ltr'><strong><em>Ἀλκμαίων</em></strong></span> 
     </span>
     <span class='ocr_line' id='line_1_24' title="bbox 225 2947 1403 3034; baseline 0.003 -21"><span class='ocrx_word' id='word_1_199' title='bbox 225 2947 432 3034; x_wconf 80' lang='grc' dir='ltr'><strong><em>ἀναχωρήσει</em></strong></span> <span class='ocrx_word' id='word_1_200' title='bbox 450 2959 510 3015; x_wconf 87' lang='grc' dir='ltr'><strong>τοῦ</strong></span> <span class='ocrx_word' id='word_1_201' title='bbox 529 2949 665 3034; x_wconf 79' lang='grc' dir='ltr'><strong><em>αἵματος</em></strong></span> <span class='ocrx_word' id='word_1_202' title='bbox 683 2951 731 3026; x_wconf 83' lang='grc' dir='ltr'><strong><em>είς</em></strong></span> <span class='ocrx_word' id='word_1_203' title='bbox 749 2948 806 3024; x_wconf 80' lang='grc' dir='ltr'><strong>τὰς</strong></span> <span class='ocrx_word' id='word_1_204' title='bbox 823 2948 1005 3033; x_wconf 77' lang='grc' dir='ltr'><strong><em>αἱμόρρους</em></strong></span> <span class='ocrx_word' id='word_1_205' title='bbox 1023 2947 1149 3032; x_wconf 78' lang='grc' dir='ltr'><strong><em>φλέβας</em></strong></span> <span class='ocrx_word' id='word_1_206' title='bbox 1166 2949 1275 3016; x_wconf 79' lang='grc' dir='ltr'><strong><em>ὕπνον</em></strong></span> <span class='ocrx_word' id='word_1_207' title='bbox 1294 2953 1403 3034; x_wconf 78' lang='grc' dir='ltr'><strong><em>γίγνε-</em></strong></span> 
     </span>
     <span class='ocr_line' id='line_1_25' title="bbox 226 3051 1403 3142; baseline 0.003 -22"><span class='ocrx_word' id='word_1_208' title='bbox 226 3059 311 3121; x_wconf 86' lang='grc' dir='ltr'><strong><em>σθαί</em></strong></span> <span class='ocrx_word' id='word_1_209' title='bbox 334 3073 434 3141; x_wconf 83' lang='grc' dir='ltr'><strong><em>φησι,</em></strong></span> <span class='ocrx_word' id='word_1_210' title='bbox 461 3057 522 3140; x_wconf 83' lang='grc' dir='ltr'><strong><em>τήν</em></strong></span> <span class='ocrx_word' id='word_1_211' title='bbox 552 3053 583 3119; x_wconf 89' lang='lat' dir='ltr'><strong>d&#39;</strong></span> <span class='ocrx_word' id='word_1_212' title='bbox 610 3053 776 3139; x_wconf 73' lang='grc' dir='ltr'><strong><em>ἐξέγερσιν</em></strong></span> <span class='ocrx_word' id='word_1_213' title='bbox 802 3053 973 3138; x_wconf 73' lang='grc' dir='ltr'><strong><em>διάχυσιν,</em></strong></span> <span class='ocrx_word' id='word_1_214' title='bbox 999 3055 1060 3138; x_wconf 84' lang='grc' dir='ltr'><strong><em>τήν</em></strong></span> <span class='ocrx_word' id='word_1_215' title='bbox 1088 3051 1125 3120; x_wconf 73' lang='grc' dir='ltr'><strong>δὲ</strong></span> <span class='ocrx_word' id='word_1_216' title='bbox 1151 3061 1296 3142; x_wconf 78' lang='grc' dir='ltr'><strong><em>παντελῆ</em></strong></span> <span class='ocrx_word' id='word_1_217' title='bbox 1324 3056 1403 3123; x_wconf 83' lang='grc' dir='ltr'><strong><em>ἀνα-</em></strong></span> 
     </span>
     <span class='ocr_line' id='line_1_26' title="bbox 226 3163 621 3248; baseline 0.008 -22"><span class='ocrx_word' id='word_1_218' title='bbox 226 3163 371 3248; x_wconf 82' lang='grc' dir='ltr'><strong><em>χώρησιν</em></strong></span> <span class='ocrx_word' id='word_1_219' title='bbox 394 3164 554 3229; x_wconf 79' lang='grc' dir='ltr'><strong><em>θάνατον.</em></strong></span> <span class='ocrx_word' id='word_1_220' title='bbox 578 3199 621 3208; x_wconf 88' lang='grc'><strong>-</strong></span> 
     </span>
    </p>

    <p class='ocr_par' dir='ltr' id='par_1_6' title="bbox 260 3280 1405 3442">
     <span class='ocr_line' id='line_1_27' title="bbox 348 3280 1405 3357; baseline 0.006 -19"><span class='ocrx_word' id='word_1_221' title='bbox 348 3282 550 3356; x_wconf 84' lang='grc' dir='ltr'><strong><em>αἴμόρροος]</em></strong></span> <span class='ocrx_word' id='word_1_222' title='bbox 578 3281 698 3355; x_wconf 76' lang='grc' dir='ltr'><strong><em>ὁμόρους</em></strong></span> <span class='ocrx_word' id='word_1_223' title='bbox 725 3280 805 3351; x_wconf 85' lang='lat' dir='ltr'><strong>libri;</strong></span> <span class='ocrx_word' id='word_1_224' title='bbox 834 3280 1022 3354; x_wconf 81' lang='grc' dir='ltr'><strong><em>αίμορροίοος</em></strong></span> <span class='ocrx_word' id='word_1_225' title='bbox 1045 3282 1167 3340; x_wconf 78' lang='lat' dir='ltr'><strong>Galeam</strong></span> <span class='ocrx_word' id='word_1_226' title='bbox 1190 3286 1256 3342; x_wconf 81' lang='lat' dir='ltr'><strong>hist</strong></span> <span class='ocrx_word' id='word_1_227' title='bbox 1275 3285 1344 3357; x_wconf 89' lang='lat' dir='ltr'><strong>phil.</strong></span> <span class='ocrx_word' id='word_1_228' title='bbox 1370 3295 1405 3344; x_wconf 79' lang='lat'><strong>37</strong></span> 
     </span>
     <span class='ocr_line' id='line_1_28' title="bbox 260 3371 740 3442; baseline 0.002 -16"><span class='ocrx_word' id='word_1_229' title='bbox 260 3373 339 3442; x_wconf 84' lang='lat' dir='ltr'><strong>(Dox.</strong></span> <span class='ocrx_word' id='word_1_230' title='bbox 358 3375 494 3442; x_wconf 76' lang='lat'><strong>646,12);</strong></span> <span class='ocrx_word' id='word_1_231' title='bbox 513 3390 583 3429; x_wconf 90' lang='lat' dir='ltr'><strong>corr.</strong></span> <span class='ocrx_word' id='word_1_232' title='bbox 604 3371 740 3428; x_wconf 81' lang='lat' dir='ltr'><strong>Beislriua</strong></span> 
     </span>
    </p>

    <p class='ocr_par' dir='ltr' id='par_1_7' title="bbox 226 3482 1405 4002">
     <span class='ocr_line' id='line_1_29' title="bbox 312 3482 1405 3572; baseline 0.003 -24"><span class='ocrx_word' id='word_1_233' title='bbox 312 3483 407 3548; x_wconf 89' lang='lat' dir='ltr'><strong>Hanc</strong></span> <span class='ocrx_word' id='word_1_234' title='bbox 430 3482 639 3549; x_wconf 81' lang='lat' dir='ltr'><strong>Alcmaeonis</strong></span> <span class='ocrx_word' id='word_1_235' title='bbox 663 3483 845 3549; x_wconf 87' lang='lat' dir='ltr'><strong>doctrinam</strong></span> <span class='ocrx_word' id='word_1_236' title='bbox 873 3484 1056 3570; x_wconf 89' lang='lat' dir='ltr'><strong>profectam</strong></span> <span class='ocrx_word' id='word_1_237' title='bbox 1084 3508 1155 3551; x_wconf 90' lang='lat' dir='ltr'><strong>esse</strong></span> <span class='ocrx_word' id='word_1_238' title='bbox 1183 3491 1265 3572; x_wconf 86' lang='lat' dir='ltr'><strong>puto</strong></span> <span class='ocrx_word' id='word_1_239' title='bbox 1292 3487 1405 3552; x_wconf 84' lang='lat' dir='ltr'><strong>avul-</strong></span> 
     </span>
     <span class='ocr_line' id='line_1_30' title="bbox 226 3588 1405 3679; baseline 0.003 -24"><span class='ocrx_word' id='word_1_240' title='bbox 226 3588 330 3677; x_wconf 79' lang='lat' dir='ltr'><strong>gari1)</strong></span> <span class='ocrx_word' id='word_1_241' title='bbox 349 3591 408 3655; x_wconf 90' lang='lat' dir='ltr'><strong>illa</strong></span> <span class='ocrx_word' id='word_1_242' title='bbox 426 3591 512 3655; x_wconf 89' lang='lat' dir='ltr'><strong>inter</strong></span> <span class='ocrx_word' id='word_1_243' title='bbox 531 3590 682 3674; x_wconf 88' lang='lat' dir='ltr'><strong>antiquos</strong></span> <span class='ocrx_word' id='word_1_244' title='bbox 707 3590 869 3675; x_wconf 90' lang='lat' dir='ltr'><strong>opinione,</strong></span> <span class='ocrx_word' id='word_1_245' title='bbox 892 3613 1044 3657; x_wconf 85' lang='lat' dir='ltr'><strong>somnum</strong></span> <span class='ocrx_word' id='word_1_246' title='bbox 1062 3593 1134 3658; x_wconf 89' lang='lat' dir='ltr'><strong>fieri</strong></span> <span class='ocrx_word' id='word_1_247' title='bbox 1158 3617 1216 3678; x_wconf 91' lang='lat' dir='ltr'><strong>per</strong></span> <span class='ocrx_word' id='word_1_248' title='bbox 1234 3592 1405 3679; x_wconf 89' lang='lat' dir='ltr'><strong>refrigera-</strong></span> 
     </span>
     <span class='ocr_line' id='line_1_31' title="bbox 227 3697 1404 3782; baseline 0.004 -21"><span class='ocrx_word' id='word_1_249' title='bbox 227 3697 364 3781; x_wconf 91' lang='lat' dir='ltr'><strong>tionem,</strong></span> <span class='ocrx_word' id='word_1_250' title='bbox 393 3719 490 3780; x_wconf 88' lang='lat' dir='ltr'><strong>quam</strong></span> <span class='ocrx_word' id='word_1_251' title='bbox 517 3697 624 3782; x_wconf 83' lang='lat' dir='ltr'><strong>ipsam</strong></span> <span class='ocrx_word' id='word_1_252' title='bbox 648 3697 845 3762; x_wconf 87' lang='lat' dir='ltr'><strong>sententiam</strong></span> <span class='ocrx_word' id='word_1_253' title='bbox 873 3720 947 3764; x_wconf 89' lang='lat' dir='ltr'><strong>eum</strong></span> <span class='ocrx_word' id='word_1_254' title='bbox 970 3720 987 3763; x_wconf 90' lang='lat' dir='ltr'><strong>e</strong></span> <span class='ocrx_word' id='word_1_255' title='bbox 1011 3699 1128 3764; x_wconf 91' lang='lat' dir='ltr'><strong>mortis</strong></span> <span class='ocrx_word' id='word_1_256' title='bbox 1157 3700 1263 3766; x_wconf 89' lang='lat' dir='ltr'><strong>somni</strong></span> <span class='ocrx_word' id='word_1_257' title='bbox 1291 3700 1404 3766; x_wconf 87' lang='lat' dir='ltr'><strong>fratris</strong></span> 
     </span>
     <span class='ocr_line' id='line_1_32' title="bbox 227 3803 1405 3891; baseline 0.004 -24"><span class='ocrx_word' id='word_1_258' title='bbox 227 3803 441 3868; x_wconf 86' lang='lat' dir='ltr'><strong>similitudine</strong></span> <span class='ocrx_word' id='word_1_259' title='bbox 465 3807 537 3867; x_wconf 91' lang='lat' dir='ltr'><strong>tum</strong></span> <span class='ocrx_word' id='word_1_260' title='bbox 560 3804 634 3867; x_wconf 92' lang='lat' dir='ltr'><strong>inde</strong></span> <span class='ocrx_word' id='word_1_261' title='bbox 658 3807 766 3868; x_wconf 90' lang='lat' dir='ltr'><strong>ortam</strong></span> <span class='ocrx_word' id='word_1_262' title='bbox 788 3826 859 3869; x_wconf 90' lang='lat' dir='ltr'><strong>esse</strong></span> <span class='ocrx_word' id='word_1_263' title='bbox 883 3805 1028 3871; x_wconf 84' lang='lat' dir='ltr'><strong>arbitror</strong></span> <span class='ocrx_word' id='word_1_264' title='bbox 1051 3808 1137 3891; x_wconf 91' lang='lat' dir='ltr'><strong>qnod</strong></span> <span class='ocrx_word' id='word_1_265' title='bbox 1160 3807 1310 3874; x_wconf 90' lang='lat' dir='ltr'><strong>homines</strong></span> <span class='ocrx_word' id='word_1_266' title='bbox 1333 3808 1405 3872; x_wconf 93' lang='lat' dir='ltr'><strong>dor-</strong></span> 
     </span>
     <span class='ocr_line' id='line_1_33' title="bbox 226 3909 1404 4002; baseline 0.004 -28"><span class='ocrx_word' id='word_1_267' title='bbox 226 3910 362 3976; x_wconf 88' lang='lat' dir='ltr'><strong>mientes</strong></span> <span class='ocrx_word' id='word_1_268' title='bbox 392 3909 515 3996; x_wconf 85' lang='lat' dir='ltr'><strong>frigore</strong></span> <span class='ocrx_word' id='word_1_269' title='bbox 543 3909 638 3975; x_wconf 90' lang='lat' dir='ltr'><strong>facile</strong></span> <span class='ocrx_word' id='word_1_270' title='bbox 664 3912 821 3996; x_wconf 90' lang='lat' dir='ltr'><strong>temptari</strong></span> <span class='ocrx_word' id='word_1_271' title='bbox 849 3913 1190 4002; x_wconf 76' lang='lat' dir='ltr'><strong>animadverterant.²)</strong></span> <span class='ocrx_word' id='word_1_272' title='bbox 1236 3915 1305 3980; x_wconf 87' lang='lat' dir='ltr'><strong>lam</strong></span> <span class='ocrx_word' id='word_1_273' title='bbox 1330 3935 1404 3979; x_wconf 90' lang='lat' dir='ltr'><strong>cum</strong></span> 
     </span>
    </p>
   </div>
   <div class='ocr_carea' id='block_1_4' title="bbox 223 4139 1413 4572">
    <p class='ocr_par' dir='ltr' id='par_1_8' title="bbox 225 4139 1409 4390">
     <span class='ocr_line' id='line_1_34' title="bbox 319 4139 1405 4214; baseline 0.004 -20"><span class='ocrx_word' id='word_1_274' title='bbox 319 4143 345 4211; x_wconf 91' lang='lat' dir='ltr'><strong>l)</strong></span> <span class='ocrx_word' id='word_1_275' title='bbox 363 4140 471 4196; x_wconf 84' lang='lat' dir='ltr'><strong>Eadem</strong></span> <span class='ocrx_word' id='word_1_276' title='bbox 486 4139 627 4210; x_wconf 82' lang='lat' dir='ltr'><strong>protertur</strong></span> <span class='ocrx_word' id='word_1_277' title='bbox 640 4139 677 4196; x_wconf 93' lang='lat' dir='ltr'><strong>ab</strong></span> <span class='ocrx_word' id='word_1_278' title='bbox 686 4140 866 4210; x_wconf 84' lang='lat' dir='ltr'><strong>Empedocle,</strong></span> <span class='ocrx_word' id='word_1_279' title='bbox 879 4141 1046 4197; x_wconf 87' lang='lat' dir='ltr'><strong>Parmenide</strong></span> <span class='ocrx_word' id='word_1_280' title='bbox 1056 4142 1182 4214; x_wconf 74' lang='lat' dir='ltr'><strong>(Portull.</strong></span> <span class='ocrx_word' id='word_1_281' title='bbox 1197 4141 1232 4197; x_wconf 87' lang='lat' dir='ltr'><strong>de</strong></span> <span class='ocrx_word' id='word_1_282' title='bbox 1247 4144 1342 4198; x_wconf 85' lang='lat' dir='ltr'><strong>anima</strong></span> <span class='ocrx_word' id='word_1_283' title='bbox 1351 4149 1405 4211; x_wconf 80' lang='grc'>48),</span> 
     </span>
     <span class='ocr_line' id='line_1_35' title="bbox 226 4228 1404 4302; baseline 0.003 -19"><span class='ocrx_word' id='word_1_284' title='bbox 226 4231 385 4286; x_wconf 89' lang='lat' dir='ltr'><strong>Democrito</strong></span> <span class='ocrx_word' id='word_1_285' title='bbox 402 4228 503 4297; x_wconf 84' lang='lat' dir='ltr'><strong>(Zeller</strong></span> <span class='ocrx_word' id='word_1_286' title='bbox 516 4228 543 4281; x_wconf 77' lang='lat'><strong>1⁶</strong></span> <span class='ocrx_word' id='word_1_287' title='bbox 557 4232 628 4298; x_wconf 79' lang='lat'><strong>906),</strong></span> <span class='ocrx_word' id='word_1_288' title='bbox 649 4228 881 4300; x_wconf 81' lang='lat' dir='ltr'><strong>Pa-llippocrata</strong></span> <span class='ocrx_word' id='word_1_289' title='bbox 896 4231 931 4284; x_wconf 90' lang='lat' dir='ltr'><strong>de</strong></span> <span class='ocrx_word' id='word_1_290' title='bbox 945 4231 1003 4287; x_wconf 89' lang='lat' dir='ltr'><strong>flat.</strong></span> <span class='ocrx_word' id='word_1_291' title='bbox 1017 4233 1054 4302; x_wconf 85' lang='lat' dir='ltr'><strong>(v.</strong></span> <span class='ocrx_word' id='word_1_292' title='bbox 1064 4231 1103 4299; x_wconf 91' lang='lat' dir='ltr'><strong>i.)‚</strong></span> <span class='ocrx_word' id='word_1_293' title='bbox 1118 4231 1262 4300; x_wconf 87' lang='lat' dir='ltr'><strong>Ps.·Hipp.</strong></span> <span class='ocrx_word' id='word_1_294' title='bbox 1273 4229 1354 4301; x_wconf 76' lang='lat' dir='ltr'><strong>apid.</strong></span> <span class='ocrx_word' id='word_1_295' title='bbox 1366 4231 1404 4287; x_wconf 90' lang='lat' dir='ltr'><strong>Vl</strong></span> 
     </span>
     <span class='ocr_line' id='line_1_36' title="bbox 225 4316 1409 4390; baseline 0.003 -16"><span class='ocrx_word' id='word_1_296' title='bbox 225 4328 261 4386; x_wconf 82' lang='lat' dir='ltr'><strong>(v.</strong></span> <span class='ocrx_word' id='word_1_297' title='bbox 273 4318 312 4388; x_wconf 83' lang='lat' dir='ltr'><strong>i),</strong></span> <span class='ocrx_word' id='word_1_298' title='bbox 328 4316 489 4383; x_wconf 82' lang='lat' dir='ltr'><strong>Aristotele,</strong></span> <span class='ocrx_word' id='word_1_299' title='bbox 504 4317 634 4374; x_wconf 86' lang='lat' dir='ltr'><strong>Stratone</strong></span> <span class='ocrx_word' id='word_1_300' title='bbox 650 4317 780 4390; x_wconf 87' lang='lat' dir='ltr'><strong>(Tertull.</strong></span> <span class='ocrx_word' id='word_1_301' title='bbox 794 4319 812 4373; x_wconf 92' lang='lat' dir='ltr'><strong>l.</strong></span> <span class='ocrx_word' id='word_1_302' title='bbox 824 4321 862 4388; x_wconf 84' lang='lat' dir='ltr'><strong>l),</strong></span> <span class='ocrx_word' id='word_1_303' title='bbox 877 4317 986 4377; x_wconf 86' lang='lat' dir='ltr'><strong>Galeno</strong></span> <span class='ocrx_word' id='word_1_304' title='bbox 995 4317 1084 4390; x_wconf 85' lang='lat' dir='ltr'>(XVII</span> <span class='ocrx_word' id='word_1_305' title='bbox 1095 4320 1124 4373; x_wconf 92' lang='lat' dir='ltr'><strong>B.</strong></span> <span class='ocrx_word' id='word_1_306' title='bbox 1137 4326 1196 4376; x_wconf 83' lang='grc'><strong>173.</strong></span> <span class='ocrx_word' id='word_1_307' title='bbox 1207 4325 1260 4374; x_wconf 79' lang='grc'><strong>298</strong></span> <span class='ocrx_word' id='word_1_308' title='bbox 1271 4319 1324 4386; x_wconf 77' lang='lat' dir='ltr'><strong>K),</strong></span> <span class='ocrx_word' id='word_1_309' title='bbox 1334 4321 1409 4378; x_wconf 87' lang='lat' dir='ltr'><strong>aliis.</strong></span> 
     </span>
    </p>

    <p class='ocr_par' dir='ltr' id='par_1_9' title="bbox 223 4405 1413 4572">
     <span class='ocr_line' id='line_1_37' title="bbox 312 4405 1413 4480; baseline 0.003 -17"><span class='ocrx_word' id='word_1_310' title='bbox 312 4410 340 4480; x_wconf 75' lang='grc' dir='ltr'><strong>λ)</strong></span> <span class='ocrx_word' id='word_1_311' title='bbox 359 4408 453 4463; x_wconf 86' lang='lat' dir='ltr'><strong>Schol.</strong></span> <span class='ocrx_word' id='word_1_312' title='bbox 470 4406 660 4479; x_wconf 84' lang='lat' dir='ltr'><strong>Ps.·llippocr.</strong></span> <span class='ocrx_word' id='word_1_313' title='bbox 676 4408 758 4479; x_wconf 76' lang='lat' dir='ltr'><strong>Epid.</strong></span> <span class='ocrx_word' id='word_1_314' title='bbox 773 4409 812 4466; x_wconf 88' lang='lat' dir='ltr'><strong>IV</strong></span> <span class='ocrx_word' id='word_1_315' title='bbox 827 4413 853 4478; x_wconf 85' lang='lat'><strong>4,</strong></span> <span class='ocrx_word' id='word_1_316' title='bbox 869 4416 902 4464; x_wconf 72' lang='lat'><strong>12</strong></span> <span class='ocrx_word' id='word_1_317' title='bbox 922 4408 958 4478; x_wconf 90' lang='lat' dir='ltr'><strong>(ll</strong></span> <span class='ocrx_word' id='word_1_318' title='bbox 975 4415 1025 4465; x_wconf 80' lang='lat'><strong>11⁸1</strong></span> <span class='ocrx_word' id='word_1_319' title='bbox 1043 4407 1149 4478; x_wconf 84' lang='lat' dir='ltr'><strong>Dicta)=</strong></span> <span class='ocrx_word' id='word_1_320' title='bbox 1169 4405 1200 4464; x_wconf 84' lang='lat' dir='ltr'><strong>ol</strong></span> <span class='ocrx_word' id='word_1_321' title='bbox 1214 4407 1413 4474; x_wconf 74' lang='grc' dir='ltr'><strong><em>καθεύδοντες</em></strong></span> 
     </span>
     <span class='ocr_line' id='line_1_38' title="bbox 223 4493 1408 4572; baseline 0.002 -18"><span class='ocrx_word' id='word_1_322' title='bbox 223 4495 437 4572; x_wconf 75' lang='grc' dir='ltr'><strong><em>περιβλήμοίτων</em></strong></span> <span class='ocrx_word' id='word_1_323' title='bbox 448 4493 571 4566; x_wconf 80' lang='grc' dir='ltr'><strong><em>δέονται,</em></strong></span> <span class='ocrx_word' id='word_1_324' title='bbox 585 4498 622 4562; x_wconf 87' lang='grc' dir='ltr'><strong>ὡς</strong></span> <span class='ocrx_word' id='word_1_325' title='bbox 631 4493 792 4570; x_wconf 72' lang='grc' dir='ltr'><strong><em>ἕψομμένής</em></strong></span> <span class='ocrx_word' id='word_1_326' title='bbox 801 4505 850 4569; x_wconf 76' lang='grc' dir='ltr'><strong>τῆς</strong></span> <span class='ocrx_word' id='word_1_327' title='bbox 860 4494 1038 4568; x_wconf 76' lang='grc' dir='ltr'><strong><em>ἐπιφανείας,</em></strong></span> <span class='ocrx_word' id='word_1_328' title='bbox 1053 4495 1083 4554; x_wconf 79' lang='lat' dir='ltr'><strong>ol</strong></span> <span class='ocrx_word' id='word_1_329' title='bbox 1090 4495 1118 4553; x_wconf 83' lang='grc' dir='ltr'><strong>δ’</strong></span> <span class='ocrx_word' id='word_1_330' title='bbox 1131 4493 1351 4570; x_wconf 72' lang='grc' dir='ltr'><strong><em>ἐγρηγοροῦντες</em></strong></span> <span class='ocrx_word' id='word_1_331' title='bbox 1365 4499 1408 4556; x_wconf 74' lang='grc' dir='ltr'><strong><em>ον’.</em></strong></span> 
     </span>
    </p>
   </div>
   <div class='ocr_carea' id='block_1_5' title="bbox 0 0 1684 5132">
    <p class='ocr_par' dir='ltr' id='par_1_10' title="bbox 0 0 1684 5132">
     <span class='ocr_line' id='line_1_39' title="bbox 0 0 1684 5132; baseline 0 4"><span class='ocrx_word' id='word_1_332' title='bbox 0 0 1684 5132; x_wconf 95' lang='lat' dir='ltr'><strong> </strong></span> 
     </span>
    </p>
   </div>
  </div>
 </body>
</html>
