<?xml version="1.0" encoding="UTF-8"?>
<!DOCTYPE html PUBLIC "-//W3C//DTD XHTML 1.0 Transitional//EN"
    "http://www.w3.org/TR/xhtml1/DTD/xhtml1-transitional.dtd">
<html xmlns="http://www.w3.org/1999/xhtml" xml:lang="en" lang="en">
 <head>
  <title>
</title>
<meta http-equiv="Content-Type" content="text/html;charset=utf-8" />
  <meta name='ocr-system' content='tesseract 3.04.00' />
  <meta name='ocr-capabilities' content='ocr_page ocr_carea ocr_par ocr_line ocrx_word'/>
</head>
<body>
  <div class='ocr_page' id='page_1' title='image "./dealcmaeonecrot00wachgoog_0040.png"; bbox 0 0 3358 5132; ppageno 0'>
   <div class='ocr_carea' id='block_1_1' title="bbox 691 327 910 394">
    <p class='ocr_par' dir='ltr' id='par_1_1' title="bbox 691 327 910 394">
     <span class='ocr_line' id='line_1_1' title="bbox 691 327 910 394; baseline -0.014 -17"><span class='ocrx_word' id='word_1_1' title='bbox 691 327 910 394; x_wconf 61' lang='lat'>„35-</span> 
     </span>
    </p>
   </div>
   <div class='ocr_carea' id='block_1_2' title="bbox 213 475 1397 4107">
    <p class='ocr_par' dir='ltr' id='par_1_2' title="bbox 213 475 1388 1092">
     <span class='ocr_line' id='line_1_2' title="bbox 215 475 1388 575; baseline -0.006 -18"><span class='ocrx_word' id='word_1_2' title='bbox 215 493 255 558; x_wconf 94' lang='lat' dir='ltr'>ab</span> <span class='ocrx_word' id='word_1_3' title='bbox 279 492 347 557; x_wconf 94' lang='lat' dir='ltr'>illis</span> <span class='ocrx_word' id='word_1_4' title='bbox 370 492 479 557; x_wconf 85' lang='lat' dir='ltr'>differt</span> <span class='ocrx_word' id='word_1_5' title='bbox 498 488 634 556; x_wconf 85' lang='lat' dir='ltr'>Sanderi</span> <span class='ocrx_word' id='word_1_6' title='bbox 657 489 752 575; x_wconf 85' lang='lat' dir='ltr'>ratio,</span> <span class='ocrx_word' id='word_1_7' title='bbox 776 489 832 574; x_wconf 93' lang='lat' dir='ltr'>qui</span> <span class='ocrx_word' id='word_1_8' title='bbox 855 488 984 553; x_wconf 86' lang='lat' dir='ltr'>etiamsi</span> <span class='ocrx_word' id='word_1_9' title='bbox 1008 488 1107 553; x_wconf 88' lang='lat' dir='ltr'>verba</span> <span class='ocrx_word' id='word_1_10' title='bbox 1126 477 1183 551; x_wconf 85' lang='lat' dir='ltr'>illa</span> <span class='ocrx_word' id='word_1_11' title='bbox 1205 475 1298 553; x_wconf 87' lang='lat' dir='ltr'>uncis</span> <span class='ocrx_word' id='word_1_12' title='bbox 1321 509 1388 551; x_wconf 91' lang='lat' dir='ltr'>non</span> 
     </span>
     <span class='ocr_line' id='line_1_3' title="bbox 213 595 1387 685; baseline -0.005 -21"><span class='ocrx_word' id='word_1_13' title='bbox 213 599 365 685; x_wconf 87' lang='lat' dir='ltr'>includit,</span> <span class='ocrx_word' id='word_1_14' title='bbox 392 603 502 672; x_wconf 88' lang='lat' dir='ltr'>tamen</span> <span class='ocrx_word' id='word_1_15' title='bbox 529 598 564 663; x_wconf 92' lang='lat' dir='ltr'>in</span> <span class='ocrx_word' id='word_1_16' title='bbox 587 598 771 684; x_wconf 83' lang='lat' dir='ltr'>fragmento</span> <span class='ocrx_word' id='word_1_17' title='bbox 795 595 1038 680; x_wconf 89' lang='lat' dir='ltr'>interpretando</span> <span class='ocrx_word' id='word_1_18' title='bbox 1068 617 1137 659; x_wconf 88' lang='lat' dir='ltr'>sese</span> <span class='ocrx_word' id='word_1_19' title='bbox 1161 595 1387 680; x_wconf 84' lang='lat' dir='ltr'>neglecturum</span> 
     </span>
     <span class='ocr_line' id='line_1_4' title="bbox 215 701 1387 788; baseline -0.003 -19"><span class='ocrx_word' id='word_1_20' title='bbox 215 726 284 770; x_wconf 90' lang='lat' dir='ltr'>esse</span> <span class='ocrx_word' id='word_1_21' title='bbox 303 705 390 771; x_wconf 91' lang='lat' dir='ltr'>dicit.</span> <span class='ocrx_word' id='word_1_22' title='bbox 428 705 500 771; x_wconf 91' lang='lat' dir='ltr'>Hoc</span> <span class='ocrx_word' id='word_1_23' title='bbox 518 703 744 788; x_wconf 81' lang='lat' dir='ltr'>falsissimum3</span> <span class='ocrx_word' id='word_1_24' title='bbox 768 707 899 768; x_wconf 84' lang='lat' dir='ltr'>tantum</span> <span class='ocrx_word' id='word_1_25' title='bbox 918 703 1005 768; x_wconf 91' lang='lat' dir='ltr'>enim</span> <span class='ocrx_word' id='word_1_26' title='bbox 1028 703 1068 767; x_wconf 88' lang='lat' dir='ltr'>ad</span> <span class='ocrx_word' id='word_1_27' title='bbox 1086 702 1190 767; x_wconf 89' lang='lat' dir='ltr'>totius</span> <span class='ocrx_word' id='word_1_28' title='bbox 1209 701 1387 788; x_wconf 87' lang='lat' dir='ltr'>fragmenti</span> 
     </span>
     <span class='ocr_line' id='line_1_5' title="bbox 215 808 1388 896; baseline -0.001 -21"><span class='ocrx_word' id='word_1_29' title='bbox 215 813 410 876; x_wconf 69' lang='lat' dir='ltr'><strong>sententiam</strong></span> <span class='ocrx_word' id='word_1_30' title='bbox 432 812 673 896; x_wconf 79' lang='lat' dir='ltr'>percipiendam</span> <span class='ocrx_word' id='word_1_31' title='bbox 700 812 851 896; x_wconf 88' lang='lat' dir='ltr'>interest,</span> <span class='ocrx_word' id='word_1_32' title='bbox 882 831 980 896; x_wconf 89' lang='lat' dir='ltr'>quam</span> <span class='ocrx_word' id='word_1_33' title='bbox 1007 809 1074 874; x_wconf 83' lang='lat' dir='ltr'>rim</span> <span class='ocrx_word' id='word_1_34' title='bbox 1104 808 1150 873; x_wconf 89' lang='lat' dir='ltr'>eis</span> <span class='ocrx_word' id='word_1_35' title='bbox 1179 810 1388 892; x_wconf 86' lang='lat' dir='ltr'>subiciamus,</span> 
     </span>
     <span class='ocr_line' id='line_1_6' title="bbox 215 897 1388 1004; baseline -0.002 -23"><span class='ocrx_word' id='word_1_36' title='bbox 215 921 251 982; x_wconf 86' lang='lat' dir='ltr'>ut</span> <span class='ocrx_word' id='word_1_37' title='bbox 280 918 335 1001; x_wconf 90' lang='lat' dir='ltr'>qui</span> <span class='ocrx_word' id='word_1_38' title='bbox 363 916 515 984; x_wconf 89' lang='lat' dir='ltr'>delendas</span> <span class='ocrx_word' id='word_1_39' title='bbox 543 942 597 983; x_wconf 87' lang='lat' dir='ltr'>eas</span> <span class='ocrx_word' id='word_1_40' title='bbox 624 941 693 983; x_wconf 87' lang='lat' dir='ltr'>esse</span> <span class='ocrx_word' id='word_1_41' title='bbox 721 897 820 1004; x_wconf 82' lang='lat' dir='ltr'>neget</span> <span class='ocrx_word' id='word_1_42' title='bbox 848 918 926 1003; x_wconf 92' lang='lat' dir='ltr'>quid</span> <span class='ocrx_word' id='word_1_43' title='bbox 954 938 1069 983; x_wconf 91' lang='lat' dir='ltr'>sonare</span> <span class='ocrx_word' id='word_1_44' title='bbox 1098 937 1152 981; x_wconf 88' lang='lat' dir='ltr'>eas</span> <span class='ocrx_word' id='word_1_45' title='bbox 1180 921 1274 1000; x_wconf 87' lang='lat' dir='ltr'>putet</span> <span class='ocrx_word' id='word_1_46' title='bbox 1301 916 1388 982; x_wconf 89' lang='lat' dir='ltr'>dicat</span> 
     </span>
     <span class='ocr_line' id='line_1_7' title="bbox 214 1025 893 1092; baseline 0 -2"><span class='ocrx_word' id='word_1_47' title='bbox 214 1045 344 1090; x_wconf 88' lang='lat' dir='ltr'>necesse</span> <span class='ocrx_word' id='word_1_48' title='bbox 368 1025 420 1089; x_wconf 90' lang='lat' dir='ltr'>sit.</span> <span class='ocrx_word' id='word_1_49' title='bbox 466 1025 520 1090; x_wconf 85' lang='lat' dir='ltr'>Ita</span> <span class='ocrx_word' id='word_1_50' title='bbox 543 1026 629 1092; x_wconf 86' lang='lat' dir='ltr'>&#39;enim</span> <span class='ocrx_word' id='word_1_51' title='bbox 653 1048 704 1091; x_wconf 88' lang='lat' dir='ltr'>res</span> <span class='ocrx_word' id='word_1_52' title='bbox 729 1048 763 1090; x_wconf 91' lang='lat' dir='ltr'>se</span> <span class='ocrx_word' id='word_1_53' title='bbox 785 1025 893 1090; x_wconf 88' lang='lat' dir='ltr'>babet.</span> 
     </span>
    </p>

    <p class='ocr_par' dir='ltr' id='par_1_3' title="bbox 215 1130 1389 1645">
     <span class='ocr_line' id='line_1_8' title="bbox 302 1130 1388 1217; baseline -0.004 -19"><span class='ocrx_word' id='word_1_54' title='bbox 302 1130 428 1198; x_wconf 88' lang='lat' dir='ltr'>Deletis</span> <span class='ocrx_word' id='word_1_55' title='bbox 452 1130 518 1197; x_wconf 95' lang='lat' dir='ltr'>illis</span> <span class='ocrx_word' id='word_1_56' title='bbox 540 1131 689 1198; x_wconf 90' lang='lat' dir='ltr'>homines</span> <span class='ocrx_word' id='word_1_57' title='bbox 713 1153 751 1196; x_wconf 92' lang='lat' dir='ltr'>eo</span> <span class='ocrx_word' id='word_1_58' title='bbox 776 1154 795 1195; x_wconf 86' lang='lat' dir='ltr'>a</span> <span class='ocrx_word' id='word_1_59' title='bbox 818 1131 887 1196; x_wconf 91' lang='lat' dir='ltr'>deis</span> <span class='ocrx_word' id='word_1_60' title='bbox 910 1131 1093 1217; x_wconf 77' lang='lat' dir='ltr'><strong>discrepare</strong></span> <span class='ocrx_word' id='word_1_61' title='bbox 1116 1132 1279 1214; x_wconf 89' lang='lat' dir='ltr'>dicuntur,</span> <span class='ocrx_word' id='word_1_62' title='bbox 1302 1131 1388 1215; x_wconf 91' lang='lat' dir='ltr'>quod</span> 
     </span>
     <span class='ocr_line' id='line_1_9' title="bbox 215 1237 1388 1324; baseline -0.003 -20"><span class='ocrx_word' id='word_1_63' title='bbox 215 1262 296 1324; x_wconf 88' lang='lat' dir='ltr'>quse</span> <span class='ocrx_word' id='word_1_64' title='bbox 320 1239 361 1303; x_wconf 87' lang='lat' dir='ltr'>ab</span> <span class='ocrx_word' id='word_1_65' title='bbox 384 1238 465 1323; x_wconf 90' lang='lat' dir='ltr'>ipsis</span> <span class='ocrx_word' id='word_1_66' title='bbox 483 1237 626 1324; x_wconf 75' lang='lat' dir='ltr'>intelligi</span> <span class='ocrx_word' id='word_1_67' title='bbox 644 1238 772 1323; x_wconf 76' lang='lat' dir='ltr'>possint</span> <span class='ocrx_word' id='word_1_68' title='bbox 795 1238 973 1303; x_wconf 77' lang='lat' dir='ltr'>artioribus</span> <span class='ocrx_word' id='word_1_69' title='bbox 996 1238 1116 1303; x_wconf 90' lang='lat' dir='ltr'>finibus</span> <span class='ocrx_word' id='word_1_70' title='bbox 1140 1239 1388 1322; x_wconf 85' lang='lat' dir='ltr'>circumscripta</span> 
     </span>
     <span class='ocr_line' id='line_1_10' title="bbox 216 1344 1388 1430; baseline 0 -20"><span class='ocrx_word' id='word_1_71' title='bbox 216 1347 290 1410; x_wconf 91' lang='lat' dir='ltr'>sint.</span> <span class='ocrx_word' id='word_1_72' title='bbox 326 1344 413 1409; x_wconf 83' lang='lat' dir='ltr'>Nam</span> <span class='ocrx_word' id='word_1_73' title='bbox 433 1345 489 1429; x_wconf 92' lang='lat' dir='ltr'>qui</span> <span class='ocrx_word' id='word_1_74' title='bbox 507 1345 601 1410; x_wconf 87' lang='lat' dir='ltr'>dicit:</span> <span class='ocrx_word' id='word_1_75' title='bbox 620 1344 723 1421; x_wconf 75' lang='lat' dir='ltr'>‘Quae</span> <span class='ocrx_word' id='word_1_76' title='bbox 742 1344 910 1410; x_wconf 87' lang='lat' dir='ltr'>recondita</span> <span class='ocrx_word' id='word_1_77' title='bbox 929 1348 1015 1429; x_wconf 87' lang='lat' dir='ltr'>suut,</span> <span class='ocrx_word' id='word_1_78' title='bbox 1034 1345 1086 1410; x_wconf 92' lang='lat' dir='ltr'>dei</span> <span class='ocrx_word' id='word_1_79' title='bbox 1105 1345 1221 1430; x_wconf 89' lang='lat' dir='ltr'>sciunt,</span> <span class='ocrx_word' id='word_1_80' title='bbox 1239 1345 1388 1410; x_wconf 87' lang='lat' dir='ltr'>homines</span> 
     </span>
     <span class='ocr_line' id='line_1_11' title="bbox 216 1451 1389 1538; baseline -0.001 -21"><span class='ocrx_word' id='word_1_81' title='bbox 216 1454 360 1518; x_wconf 81' lang='lat' dir='ltr'>conicere</span> <span class='ocrx_word' id='word_1_82' title='bbox 384 1456 514 1516; x_wconf 84' lang='lat' dir='ltr'>tautum</span> <span class='ocrx_word' id='word_1_83' title='bbox 532 1451 681 1536; x_wconf 89' lang='lat' dir='ltr'>possuut&#39;</span> <span class='ocrx_word' id='word_1_84' title='bbox 704 1474 911 1537; x_wconf 88' lang='lat' dir='ltr'>nequaquam</span> <span class='ocrx_word' id='word_1_85' title='bbox 928 1456 1030 1538; x_wconf 82' lang='lat' dir='ltr'>negat</span> <span class='ocrx_word' id='word_1_86' title='bbox 1048 1457 1163 1537; x_wconf 89' lang='lat' dir='ltr'>aperta</span> <span class='ocrx_word' id='word_1_87' title='bbox 1179 1474 1220 1517; x_wconf 91' lang='lat' dir='ltr'>ne</span> <span class='ocrx_word' id='word_1_88' title='bbox 1239 1452 1389 1517; x_wconf 92' lang='lat' dir='ltr'>homines</span> 
     </span>
     <span class='ocr_line' id='line_1_12' title="bbox 216 1559 529 1645; baseline -0.01 -19"><span class='ocrx_word' id='word_1_89' title='bbox 216 1560 346 1644; x_wconf 89' lang='lat' dir='ltr'>quidem</span> <span class='ocrx_word' id='word_1_90' title='bbox 369 1559 529 1645; x_wconf 85' lang='lat' dir='ltr'>ignorare.</span> 
     </span>
    </p>

    <p class='ocr_par' dir='ltr' id='par_1_4' title="bbox 214 1665 1391 2609">
     <span class='ocr_line' id='line_1_13' title="bbox 305 1665 1390 1751; baseline 0 -20"><span class='ocrx_word' id='word_1_91' title='bbox 305 1665 448 1732; x_wconf 81' lang='lat' dir='ltr'>Servatis</span> <span class='ocrx_word' id='word_1_92' title='bbox 478 1667 545 1731; x_wconf 91' lang='lat' dir='ltr'>illis</span> <span class='ocrx_word' id='word_1_93' title='bbox 578 1671 612 1731; x_wconf 93' lang='lat' dir='ltr'>et</span> <span class='ocrx_word' id='word_1_94' title='bbox 644 1667 759 1751; x_wconf 85' lang='lat' dir='ltr'>quovis</span> <span class='ocrx_word' id='word_1_95' title='bbox 787 1667 884 1732; x_wconf 91' lang='lat' dir='ltr'>modo</span> <span class='ocrx_word' id='word_1_96' title='bbox 917 1668 1072 1733; x_wconf 90' lang='lat' dir='ltr'>correctis</span> <span class='ocrx_word' id='word_1_97' title='bbox 1104 1667 1223 1751; x_wconf 84' lang='lat' dir='ltr'>duplex</span> <span class='ocrx_word' id='word_1_98' title='bbox 1254 1667 1390 1732; x_wconf 86' lang='lat' dir='ltr'>offertur</span> 
     </span>
     <span class='ocr_line' id='line_1_14' title="bbox 215 1772 1390 1859; baseline -0.001 -20"><span class='ocrx_word' id='word_1_99' title='bbox 215 1774 300 1840; x_wconf 88' lang='lat' dir='ltr'>ratio</span> <span class='ocrx_word' id='word_1_100' title='bbox 322 1774 568 1858; x_wconf 84' lang='lat' dir='ltr'>interpretandi.</span> <span class='ocrx_word' id='word_1_101' title='bbox 614 1772 683 1838; x_wconf 83' lang='lat' dir='ltr'>Aut</span> <span class='ocrx_word' id='word_1_102' title='bbox 707 1774 794 1840; x_wconf 90' lang='lat' dir='ltr'>idem</span> <span class='ocrx_word' id='word_1_103' title='bbox 817 1778 936 1839; x_wconf 86' lang='lat' dir='ltr'>sonant</span> <span class='ocrx_word' id='word_1_104' title='bbox 958 1776 1060 1840; x_wconf 83' lang='lat' dir='ltr'>verba</span> <span class='ocrx_word' id='word_1_105' title='bbox 1081 1773 1275 1859; x_wconf 84' lang='lat' dir='ltr'>corrigenda</span> <span class='ocrx_word' id='word_1_106' title='bbox 1303 1775 1390 1858; x_wconf 93' lang='lat' dir='ltr'>quod</span> 
     </span>
     <span class='ocr_line' id='line_1_15' title="bbox 215 1878 1390 1966; baseline 0 -22"><span class='ocrx_word' id='word_1_107' title='bbox 215 1878 384 1966; x_wconf 75' lang='grc' dir='ltr'><em>ἀφανέωντ</em></span> <span class='ocrx_word' id='word_1_108' title='bbox 412 1881 477 1944; x_wconf 93' lang='lat' dir='ltr'>iam</span> <span class='ocrx_word' id='word_1_109' title='bbox 500 1881 613 1946; x_wconf 92' lang='lat' dir='ltr'>eodem</span> <span class='ocrx_word' id='word_1_110' title='bbox 638 1903 702 1965; x_wconf 92' lang='lat' dir='ltr'>quo</span> <span class='ocrx_word' id='word_1_111' title='bbox 726 1881 862 1966; x_wconf 84' lang='lat' dir='ltr'>exposui</span> <span class='ocrx_word' id='word_1_112' title='bbox 885 1883 982 1946; x_wconf 91' lang='lat' dir='ltr'>modo</span> <span class='ocrx_word' id='word_1_113' title='bbox 1005 1882 1039 1945; x_wconf 92' lang='lat' dir='ltr'>in</span> <span class='ocrx_word' id='word_1_114' title='bbox 1062 1880 1178 1945; x_wconf 86' lang='lat' dir='ltr'>finium</span> <span class='ocrx_word' id='word_1_115' title='bbox 1200 1881 1390 1946; x_wconf 80' lang='lat' dir='ltr'>diversitate</span> 
     </span>
     <span class='ocr_line' id='line_1_16' title="bbox 214 1987 1390 2072; baseline 0 -21"><span class='ocrx_word' id='word_1_116' title='bbox 214 1987 374 2052; x_wconf 87' lang='lat' dir='ltr'>humanae</span> <span class='ocrx_word' id='word_1_117' title='bbox 398 1987 588 2072; x_wconf 87' lang='lat' dir='ltr'>divinaeque</span> <span class='ocrx_word' id='word_1_118' title='bbox 612 1987 767 2053; x_wconf 80' lang='lat' dir='ltr'>scientiae</span> <span class='ocrx_word' id='word_1_119' title='bbox 791 1988 975 2053; x_wconf 84' lang='lat' dir='ltr'>differentia</span> <span class='ocrx_word' id='word_1_120' title='bbox 997 1987 1107 2072; x_wconf 86' lang='lat' dir='ltr'>posita</span> <span class='ocrx_word' id='word_1_121' title='bbox 1129 1992 1193 2072; x_wconf 88' lang='lat' dir='ltr'>est;</span> <span class='ocrx_word' id='word_1_122' title='bbox 1221 1992 1279 2051; x_wconf 87' lang='lat' dir='ltr'>aut</span> <span class='ocrx_word' id='word_1_123' title='bbox 1301 1987 1390 2052; x_wconf 86' lang='lat' dir='ltr'>aliud</span> 
     </span>
     <span class='ocr_line' id='line_1_17' title="bbox 215 2093 1389 2180; baseline 0.001 -23"><span class='ocrx_word' id='word_1_124' title='bbox 215 2094 263 2158; x_wconf 88' lang='lat' dir='ltr'>ita</span> <span class='ocrx_word' id='word_1_125' title='bbox 286 2099 323 2159; x_wconf 90' lang='lat' dir='ltr'>ut</span> <span class='ocrx_word' id='word_1_126' title='bbox 346 2095 385 2160; x_wconf 91' lang='grc' dir='ltr'><em>τά</em></span> <span class='ocrx_word' id='word_1_127' title='bbox 408 2095 518 2180; x_wconf 81' lang='grc' dir='ltr'><em>ἀφανῆ</em></span> <span class='ocrx_word' id='word_1_128' title='bbox 543 2099 576 2160; x_wconf 90' lang='lat' dir='ltr'>et</span> <span class='ocrx_word' id='word_1_129' title='bbox 598 2095 638 2160; x_wconf 86' lang='grc' dir='ltr'>τά</span> <span class='ocrx_word' id='word_1_130' title='bbox 661 2095 789 2180; x_wconf 67' lang='grc' dir='ltr'><em>ῒθνητά</em></span> <span class='ocrx_word' id='word_1_131' title='bbox 817 2117 869 2160; x_wconf 88' lang='lat' dir='ltr'>res</span> <span class='ocrx_word' id='word_1_132' title='bbox 897 2116 1117 2180; x_wconf 87' lang='lat' dir='ltr'>quascumque</span> <span class='ocrx_word' id='word_1_133' title='bbox 1146 2093 1389 2180; x_wconf 84' lang='lat' dir='ltr'>investigendas</span> 
     </span>
     <span class='ocr_line' id='line_1_18' title="bbox 216 2201 1391 2286; baseline -0.001 -20"><span class='ocrx_word' id='word_1_134' title='bbox 216 2202 505 2285; x_wconf 85' lang='lat' dir='ltr'>comprehendent:</span> <span class='ocrx_word' id='word_1_135' title='bbox 534 2203 609 2267; x_wconf 86' lang='lat' dir='ltr'>iam·</span> <span class='ocrx_word' id='word_1_136' title='bbox 623 2202 714 2266; x_wconf 83' lang='lat' dir='ltr'>rides</span> <span class='ocrx_word' id='word_1_137' title='bbox 736 2201 886 2268; x_wconf 88' lang='lat' dir='ltr'>homines</span> <span class='ocrx_word' id='word_1_138' title='bbox 917 2225 937 2266; x_wconf 86' lang='lat' dir='ltr'>a</span> <span class='ocrx_word' id='word_1_139' title='bbox 959 2201 1027 2266; x_wconf 89' lang='lat' dir='ltr'>deis</span> <span class='ocrx_word' id='word_1_140' title='bbox 1055 2223 1122 2266; x_wconf 90' lang='lat' dir='ltr'>non</span> <span class='ocrx_word' id='word_1_141' title='bbox 1144 2201 1330 2286; x_wconf 86' lang='lat' dir='ltr'>quantitate</span> <span class='ocrx_word' id='word_1_142' title='bbox 1353 2205 1391 2266; x_wconf 89' lang='lat' dir='ltr'>ut</span> 
     </span>
     <span class='ocr_line' id='line_1_19' title="bbox 215 2307 1390 2393; baseline 0.001 -22"><span class='ocrx_word' id='word_1_143' title='bbox 215 2308 265 2372; x_wconf 87' lang='lat' dir='ltr'>ita</span> <span class='ocrx_word' id='word_1_144' title='bbox 282 2308 397 2392; x_wconf 86' lang='lat' dir='ltr'>dicam,</span> <span class='ocrx_word' id='word_1_145' title='bbox 416 2309 471 2376; x_wconf 89' lang='lat' dir='ltr'>sed</span> <span class='ocrx_word' id='word_1_146' title='bbox 491 2309 651 2393; x_wconf 85' lang='lat' dir='ltr'>qualitate</span> <span class='ocrx_word' id='word_1_147' title='bbox 669 2308 825 2374; x_wconf 85' lang='lat' dir='ltr'>scientiae</span> <span class='ocrx_word' id='word_1_148' title='bbox 845 2309 995 2375; x_wconf 88' lang='lat' dir='ltr'>omnibus</span> <span class='ocrx_word' id='word_1_149' title='bbox 1014 2309 1048 2372; x_wconf 93' lang='lat' dir='ltr'>in</span> <span class='ocrx_word' id='word_1_150' title='bbox 1062 2307 1159 2373; x_wconf 88' lang='lat' dir='ltr'>rebus</span> <span class='ocrx_word' id='word_1_151' title='bbox 1174 2308 1390 2393; x_wconf 86' lang='lat' dir='ltr'>percipiendis</span> 
     </span>
     <span class='ocr_line' id='line_1_20' title="bbox 215 2414 1391 2502; baseline 0.001 -23"><span class='ocrx_word' id='word_1_152' title='bbox 215 2415 311 2480; x_wconf 80' lang='lat' dir='ltr'>vinci.</span> <span class='ocrx_word' id='word_1_153' title='bbox 344 2415 458 2500; x_wconf 87' lang='lat' dir='ltr'>Itaque</span> <span class='ocrx_word' id='word_1_154' title='bbox 483 2418 538 2501; x_wconf 91' lang='lat' dir='ltr'>qui</span> <span class='ocrx_word' id='word_1_155' title='bbox 562 2417 662 2482; x_wconf 86' lang='lat' dir='ltr'>verba</span> <span class='ocrx_word' id='word_1_156' title='bbox 685 2415 761 2502; x_wconf 80' lang='grc' dir='ltr'><strong><em>περὶ</em></strong></span> <span class='ocrx_word' id='word_1_157' title='bbox 779 2427 846 2481; x_wconf 90' lang='grc' dir='ltr'>τῶν</span> <span class='ocrx_word' id='word_1_158' title='bbox 868 2423 1005 2501; x_wconf 77' lang='grc' dir='ltr'><strong><em>θνητῶν</em></strong></span> <span class='ocrx_word' id='word_1_159' title='bbox 1029 2414 1165 2480; x_wconf 88' lang='lat' dir='ltr'>delenda</span> <span class='ocrx_word' id='word_1_160' title='bbox 1188 2437 1259 2480; x_wconf 87' lang='lat' dir='ltr'>esse</span> <span class='ocrx_word' id='word_1_161' title='bbox 1281 2420 1391 2502; x_wconf 79' lang='lat' dir='ltr'>negat,</span> 
     </span>
     <span class='ocr_line' id='line_1_21' title="bbox 216 2521 1139 2609; baseline -0.001 -24"><span class='ocrx_word' id='word_1_162' title='bbox 216 2521 349 2586; x_wconf 87' lang='lat' dir='ltr'>minime</span> <span class='ocrx_word' id='word_1_163' title='bbox 372 2522 534 2609; x_wconf 81' lang='lat' dir='ltr'>neglegat,</span> <span class='ocrx_word' id='word_1_164' title='bbox 557 2521 658 2587; x_wconf 92' lang='lat' dir='ltr'>immo</span> <span class='ocrx_word' id='word_1_165' title='bbox 682 2522 917 2606; x_wconf 87' lang='lat' dir='ltr'>interpretetur</span> <span class='ocrx_word' id='word_1_166' title='bbox 940 2544 978 2586; x_wconf 89' lang='lat' dir='ltr'>ea</span> <span class='ocrx_word' id='word_1_167' title='bbox 1000 2524 1139 2606; x_wconf 89' lang='lat' dir='ltr'>oportet</span> 
     </span>
    </p>

    <p class='ocr_par' dir='ltr' id='par_1_5' title="bbox 216 2625 1396 3893">
     <span class='ocr_line' id='line_1_22' title="bbox 306 2625 1391 2714; baseline 0.004 -23"><span class='ocrx_word' id='word_1_168' title='bbox 306 2625 389 2692; x_wconf 86' lang='lat' dir='ltr'>Sunt</span> <span class='ocrx_word' id='word_1_169' title='bbox 416 2629 471 2713; x_wconf 91' lang='lat' dir='ltr'>qui</span> <span class='ocrx_word' id='word_1_170' title='bbox 498 2629 642 2713; x_wconf 90' lang='lat' dir='ltr'>priorem</span> <span class='ocrx_word' id='word_1_171' title='bbox 669 2629 861 2694; x_wconf 89' lang='lat' dir='ltr'>emendandi</span> <span class='ocrx_word' id='word_1_172' title='bbox 888 2629 977 2694; x_wconf 86' lang='lat' dir='ltr'>riam</span> <span class='ocrx_word' id='word_1_173' title='bbox 1001 2629 1105 2694; x_wconf 91' lang='lat' dir='ltr'>secuti</span> <span class='ocrx_word' id='word_1_174' title='bbox 1128 2628 1307 2696; x_wconf 79' lang='grc' dir='ltr'><em>ἀθανάτων</em></span> <span class='ocrx_word' id='word_1_175' title='bbox 1330 2652 1391 2714; x_wconf 90' lang='lat' dir='ltr'>pro</span> 
     </span>
     <span class='ocr_line' id='line_1_23' title="bbox 216 2733 1392 2823; baseline 0.001 -23"><span class='ocrx_word' id='word_1_176' title='bbox 216 2741 353 2818; x_wconf 81' lang='grc' dir='ltr'><em>θνητῶν</em></span> <span class='ocrx_word' id='word_1_177' title='bbox 384 2735 483 2800; x_wconf 85' lang='lat' dir='ltr'>scribi</span> <span class='ocrx_word' id='word_1_178' title='bbox 515 2737 626 2802; x_wconf 89' lang='lat' dir='ltr'>iubere</span> <span class='ocrx_word' id='word_1_179' title='bbox 655 2733 874 2823; x_wconf 80' lang='lat' dir='ltr'>videantur1),</span> <span class='ocrx_word' id='word_1_180' title='bbox 906 2735 975 2801; x_wconf 86' lang='lat' dir='ltr'>sive</span> <span class='ocrx_word' id='word_1_181' title='bbox 1008 2736 1093 2821; x_wconf 92' lang='lat' dir='ltr'>quod</span> <span class='ocrx_word' id='word_1_182' title='bbox 1126 2735 1306 2802; x_wconf 78' lang='grc' dir='ltr'><em>ἀθανάτων</em></span> <span class='ocrx_word' id='word_1_183' title='bbox 1338 2759 1392 2820; x_wconf 88' lang='lat' dir='ltr'>ap·</span> 
     </span>
     <span class='ocr_line' id='line_1_24' title="bbox 216 2839 1392 2929; baseline 0.002 -22"><span class='ocrx_word' id='word_1_184' title='bbox 216 2839 390 2925; x_wconf 86' lang='lat' dir='ltr'>positionis</span> <span class='ocrx_word' id='word_1_185' title='bbox 419 2865 517 2926; x_wconf 85' lang='lat' dir='ltr'>quam</span> <span class='ocrx_word' id='word_1_186' title='bbox 544 2865 604 2909; x_wconf 92' lang='lat' dir='ltr'>nos</span> <span class='ocrx_word' id='word_1_187' title='bbox 632 2843 770 2910; x_wconf 87' lang='lat' dir='ltr'>dicimus</span> <span class='ocrx_word' id='word_1_188' title='bbox 798 2843 871 2910; x_wconf 89' lang='lat' dir='ltr'>loco</span> <span class='ocrx_word' id='word_1_189' title='bbox 899 2845 1045 2909; x_wconf 87' lang='lat' dir='ltr'>additum</span> <span class='ocrx_word' id='word_1_190' title='bbox 1069 2866 1140 2910; x_wconf 89' lang='lat' dir='ltr'>esse</span> <span class='ocrx_word' id='word_1_191' title='bbox 1163 2848 1296 2929; x_wconf 87' lang='lat' dir='ltr'>putant,</span> <span class='ocrx_word' id='word_1_192' title='bbox 1324 2843 1392 2909; x_wconf 87' lang='lat' dir='ltr'>sire</span> 
     </span>
     <span class='ocr_line' id='line_1_25' title="bbox 216 2948 1393 3035; baseline 0.002 -21"><span class='ocrx_word' id='word_1_193' title='bbox 216 2950 302 3033; x_wconf 93' lang='lat' dir='ltr'>quod</span> <span class='ocrx_word' id='word_1_194' title='bbox 325 2949 365 3013; x_wconf 88' lang='grc' dir='ltr'><em>τά</em></span> <span class='ocrx_word' id='word_1_195' title='bbox 388 2948 499 3034; x_wconf 84' lang='grc' dir='ltr'><em>ἀφανῆ</em></span> <span class='ocrx_word' id='word_1_196' title='bbox 524 2949 634 3016; x_wconf 87' lang='lat' dir='ltr'>omnia</span> <span class='ocrx_word' id='word_1_197' title='bbox 656 2973 726 3015; x_wconf 88' lang='lat' dir='ltr'>esse</span> <span class='ocrx_word' id='word_1_198' title='bbox 750 2952 878 3035; x_wconf 81' lang='lat' dir='ltr'>volunt,</span> <span class='ocrx_word' id='word_1_199' title='bbox 906 2973 988 3035; x_wconf 84' lang='lat' dir='ltr'>quae</span> <span class='ocrx_word' id='word_1_200' title='bbox 1015 2975 1082 3017; x_wconf 91' lang='lat' dir='ltr'>non</span> <span class='ocrx_word' id='word_1_201' title='bbox 1106 2953 1213 3017; x_wconf 92' lang='lat' dir='ltr'>solum</span> <span class='ocrx_word' id='word_1_202' title='bbox 1236 2952 1271 3016; x_wconf 95' lang='lat' dir='ltr'>in</span> <span class='ocrx_word' id='word_1_203' title='bbox 1295 2951 1393 3016; x_wconf 91' lang='lat' dir='ltr'>rebus</span> 
     </span>
     <span class='ocr_line' id='line_1_26' title="bbox 216 3056 1393 3142; baseline 0.001 -22"><span class='ocrx_word' id='word_1_204' title='bbox 216 3056 334 3120; x_wconf 81' lang='lat' dir='ltr'>divinis</span> <span class='ocrx_word' id='word_1_205' title='bbox 364 3057 419 3122; x_wconf 88' lang='lat' dir='ltr'>sed</span> <span class='ocrx_word' id='word_1_206' title='bbox 442 3056 477 3122; x_wconf 92' lang='lat' dir='ltr'>in</span> <span class='ocrx_word' id='word_1_207' title='bbox 500 3057 651 3123; x_wconf 86' lang='lat' dir='ltr'>humanis</span> <span class='ocrx_word' id='word_1_208' title='bbox 676 3079 804 3142; x_wconf 91' lang='lat' dir='ltr'>quoque</span> <span class='ocrx_word' id='word_1_209' title='bbox 834 3058 923 3123; x_wconf 90' lang='lat' dir='ltr'>cerni</span> <span class='ocrx_word' id='word_1_210' title='bbox 944 3081 1013 3123; x_wconf 90' lang='lat' dir='ltr'>non</span> <span class='ocrx_word' id='word_1_211' title='bbox 1035 3063 1189 3142; x_wconf 88' lang='lat' dir='ltr'>possunt,</span> <span class='ocrx_word' id='word_1_212' title='bbox 1216 3059 1266 3123; x_wconf 88' lang='lat' dir='ltr'>ite</span> <span class='ocrx_word' id='word_1_213' title='bbox 1291 3063 1330 3121; x_wconf 92' lang='lat' dir='ltr'>ut</span> <span class='ocrx_word' id='word_1_214' title='bbox 1352 3059 1393 3122; x_wconf 82' lang='grc' dir='ltr'>τὰ</span> 
     </span>
     <span class='ocr_line' id='line_1_27' title="bbox 217 3161 1392 3250; baseline 0.002 -24"><span class='ocrx_word' id='word_1_215' title='bbox 217 3161 369 3227; x_wconf 86' lang='grc' dir='ltr'><em>ἀθάνατα</em></span> <span class='ocrx_word' id='word_1_216' title='bbox 392 3164 485 3248; x_wconf 90' lang='lat' dir='ltr'>quasi</span> <span class='ocrx_word' id='word_1_217' title='bbox 507 3187 584 3249; x_wconf 86' lang='lat' dir='ltr'>pars</span> <span class='ocrx_word' id='word_1_218' title='bbox 608 3165 653 3228; x_wconf 82' lang='lat' dir='ltr'>sit</span> <span class='ocrx_word' id='word_1_219' title='bbox 674 3175 742 3229; x_wconf 86' lang='grc' dir='ltr'>τῶν</span> <span class='ocrx_word' id='word_1_220' title='bbox 764 3163 929 3249; x_wconf 79' lang='grc' dir='ltr'><em>ἀφανέων.</em></span> <span class='ocrx_word' id='word_1_221' title='bbox 975 3164 1038 3230; x_wconf 87' lang='lat' dir='ltr'>Sed</span> <span class='ocrx_word' id='word_1_222' title='bbox 1060 3170 1235 3250; x_wconf 90' lang='lat' dir='ltr'>utrumque</span> <span class='ocrx_word' id='word_1_223' title='bbox 1259 3165 1392 3229; x_wconf 92' lang='lat' dir='ltr'>minime</span> 
     </span>
     <span class='ocr_line' id='line_1_28' title="bbox 217 3269 1394 3358; baseline 0 -23"><span class='ocrx_word' id='word_1_224' title='bbox 217 3269 380 3335; x_wconf 90' lang='lat' dir='ltr'>credibile.</span> <span class='ocrx_word' id='word_1_225' title='bbox 416 3269 463 3335; x_wconf 94' lang='lat' dir='ltr'>Ut</span> <span class='ocrx_word' id='word_1_226' title='bbox 486 3272 639 3337; x_wconf 86' lang='lat' dir='ltr'>omittam</span> <span class='ocrx_word' id='word_1_227' title='bbox 662 3271 725 3336; x_wconf 87' lang='lat' dir='ltr'>diei</span> <span class='ocrx_word' id='word_1_228' title='bbox 749 3271 803 3336; x_wconf 84' lang='lat' dir='ltr'>rix</span> <span class='ocrx_word' id='word_1_229' title='bbox 821 3294 928 3356; x_wconf 90' lang='lat' dir='ltr'>posse,</span> <span class='ocrx_word' id='word_1_230' title='bbox 952 3274 1115 3358; x_wconf 90' lang='lat' dir='ltr'>quomodo</span> <span class='ocrx_word' id='word_1_231' title='bbox 1134 3295 1194 3357; x_wconf 91' lang='lat' dir='ltr'>pro</span> <span class='ocrx_word' id='word_1_232' title='bbox 1213 3271 1394 3337; x_wconf 81' lang='grc' dir='ltr'><em>ἀθανάτων</em></span> 
     </span>
     <span class='ocr_line' id='line_1_29' title="bbox 218 3377 1394 3464; baseline 0.002 -24"><span class='ocrx_word' id='word_1_233' title='bbox 218 3378 377 3462; x_wconf 88' lang='lat' dir='ltr'>scriptum</span> <span class='ocrx_word' id='word_1_234' title='bbox 400 3379 443 3442; x_wconf 89' lang='lat' dir='ltr'>sit</span> <span class='ocrx_word' id='word_1_235' title='bbox 467 3385 616 3462; x_wconf 82' lang='grc' dir='ltr'><em>θνητῶν,</em></span> <span class='ocrx_word' id='word_1_236' title='bbox 638 3379 711 3443; x_wconf 91' lang='lat' dir='ltr'>boc</span> <span class='ocrx_word' id='word_1_237' title='bbox 735 3377 941 3463; x_wconf 84' lang='lat' dir='ltr'>comprobari</span> <span class='ocrx_word' id='word_1_238' title='bbox 963 3401 1030 3445; x_wconf 90' lang='lat' dir='ltr'>non</span> <span class='ocrx_word' id='word_1_239' title='bbox 1053 3382 1173 3464; x_wconf 87' lang='lat' dir='ltr'>potest,</span> <span class='ocrx_word' id='word_1_240' title='bbox 1196 3380 1284 3463; x_wconf 90' lang='lat' dir='ltr'>quod</span> <span class='ocrx_word' id='word_1_241' title='bbox 1307 3383 1394 3443; x_wconf 88' lang='lat' dir='ltr'>certe</span> 
     </span>
     <span class='ocr_line' id='line_1_30' title="bbox 218 3483 1394 3571; baseline 0.002 -23"><span class='ocrx_word' id='word_1_242' title='bbox 218 3483 425 3550; x_wconf 86' lang='lat' dir='ltr'>scribendum</span> <span class='ocrx_word' id='word_1_243' title='bbox 445 3489 517 3550; x_wconf 85' lang='lat' dir='ltr'>erat</span> <span class='ocrx_word' id='word_1_244' title='bbox 535 3488 663 3550; x_wconf 86' lang='lat' dir='ltr'>mutato</span> <span class='ocrx_word' id='word_1_245' title='bbox 683 3486 795 3551; x_wconf 90' lang='lat' dir='ltr'>ordine</span> <span class='ocrx_word' id='word_1_246' title='bbox 814 3485 937 3551; x_wconf 73' lang='lat' dir='ltr'>‘divina</span> <span class='ocrx_word' id='word_1_247' title='bbox 956 3490 990 3552; x_wconf 90' lang='lat' dir='ltr'>et</span> <span class='ocrx_word' id='word_1_248' title='bbox 1004 3485 1130 3571; x_wconf 88' lang='lat' dir='ltr'>[omnia</span> <span class='ocrx_word' id='word_1_249' title='bbox 1149 3486 1296 3568; x_wconf 90' lang='lat' dir='ltr'>omnino]</span> <span class='ocrx_word' id='word_1_250' title='bbox 1312 3507 1394 3570; x_wconf 88' lang='lat' dir='ltr'>quae</span> 
     </span>
     <span class='ocr_line' id='line_1_31' title="bbox 217 3575 1395 3679; baseline 0.003 -25"><span class='ocrx_word' id='word_1_251' title='bbox 217 3591 306 3656; x_wconf 90' lang='lat' dir='ltr'>cerni</span> <span class='ocrx_word' id='word_1_252' title='bbox 333 3613 399 3656; x_wconf 92' lang='lat' dir='ltr'>non</span> <span class='ocrx_word' id='word_1_253' title='bbox 425 3593 594 3678; x_wconf 81' lang='lat' dir='ltr'>possunt&#39;3</span> <span class='ocrx_word' id='word_1_254' title='bbox 625 3592 738 3679; x_wconf 92' lang='lat' dir='ltr'>illud,</span> <span class='ocrx_word' id='word_1_255' title='bbox 767 3594 853 3678; x_wconf 91' lang='lat' dir='ltr'>quod</span> <span class='ocrx_word' id='word_1_256' title='bbox 882 3594 1045 3679; x_wconf 84' lang='lat' dir='ltr'>appositio</span> <span class='ocrx_word' id='word_1_257' title='bbox 1070 3615 1308 3678; x_wconf 84' lang='lat' dir='ltr'>supervacanea</span> <span class='ocrx_word' id='word_1_258' title='bbox 1335 3575 1395 3658; x_wconf 85' lang='lat' dir='ltr'>uos</span> 
     </span>
     <span class='ocr_line' id='line_1_32' title="bbox 217 3697 1396 3784; baseline 0 -23"><span class='ocrx_word' id='word_1_259' title='bbox 217 3697 352 3762; x_wconf 85' lang='lat' dir='ltr'>offendit</span> <span class='ocrx_word' id='word_1_260' title='bbox 380 3703 478 3784; x_wconf 90' lang='lat' dir='ltr'>atque</span> <span class='ocrx_word' id='word_1_261' title='bbox 502 3700 602 3765; x_wconf 86' lang='lat' dir='ltr'>etiarn</span> <span class='ocrx_word' id='word_1_262' title='bbox 625 3698 664 3764; x_wconf 90' lang='lat' dir='ltr'>de</span> <span class='ocrx_word' id='word_1_263' title='bbox 687 3699 839 3765; x_wconf 88' lang='lat' dir='ltr'>humanis</span> <span class='ocrx_word' id='word_1_264' title='bbox 863 3702 961 3766; x_wconf 88' lang='lat' dir='ltr'>rebus</span> <span class='ocrx_word' id='word_1_265' title='bbox 989 3701 1017 3766; x_wconf 89' lang='lat' dir='ltr'>si</span> <span class='ocrx_word' id='word_1_266' title='bbox 1045 3699 1134 3766; x_wconf 85' lang='lat' dir='ltr'>cerni</span> <span class='ocrx_word' id='word_1_267' title='bbox 1161 3722 1229 3765; x_wconf 92' lang='lat' dir='ltr'>non</span> <span class='ocrx_word' id='word_1_268' title='bbox 1256 3702 1396 3784; x_wconf 90' lang='lat' dir='ltr'>possunt</span> 
     </span>
     <span class='ocr_line' id='line_1_33' title="bbox 216 3805 858 3893; baseline 0.002 -24"><span class='ocrx_word' id='word_1_269' title='bbox 216 3805 383 3871; x_wconf 84' lang='lat' dir='ltr'>dubitasse</span> <span class='ocrx_word' id='word_1_270' title='bbox 406 3829 480 3872; x_wconf 90' lang='lat' dir='ltr'>eum</span> <span class='ocrx_word' id='word_1_271' title='bbox 503 3832 521 3873; x_wconf 92' lang='lat' dir='ltr'>e</span> <span class='ocrx_word' id='word_1_272' title='bbox 544 3807 605 3893; x_wconf 84' lang='lat' dir='ltr'>frg.</span> <span class='ocrx_word' id='word_1_273' title='bbox 625 3805 722 3871; x_wconf 83' lang='lat' dir='ltr'><strong>XVII</strong></span> <span class='ocrx_word' id='word_1_274' title='bbox 745 3807 858 3873; x_wconf 88' lang='lat' dir='ltr'>elucet.</span> 
     </span>
    </p>

    <p class='ocr_par' dir='ltr' id='par_1_6' title="bbox 217 3911 1397 4107">
     <span class='ocr_line' id='line_1_34' title="bbox 307 3911 1396 4001; baseline -0.004 -23"><span class='ocrx_word' id='word_1_275' title='bbox 307 3911 370 3978; x_wconf 86' lang='lat' dir='ltr'>Sed</span> <span class='ocrx_word' id='word_1_276' title='bbox 398 3916 501 3979; x_wconf 84' lang='lat' dir='ltr'>altera</span> <span class='ocrx_word' id='word_1_277' title='bbox 528 3915 669 3980; x_wconf 88' lang='lat' dir='ltr'>fortasse</span> <span class='ocrx_word' id='word_1_278' title='bbox 697 3915 751 3978; x_wconf 86' lang='lat' dir='ltr'>via</span> <span class='ocrx_word' id='word_1_279' title='bbox 778 3915 901 4000; x_wconf 86' lang='lat' dir='ltr'>aliquid</span> <span class='ocrx_word' id='word_1_280' title='bbox 931 3916 1151 4001; x_wconf 87' lang='lat' dir='ltr'>proficiemus,</span> <span class='ocrx_word' id='word_1_281' title='bbox 1183 3916 1231 3979; x_wconf 84' lang='lat' dir='ltr'>ita</span> <span class='ocrx_word' id='word_1_282' title='bbox 1260 3912 1328 3978; x_wconf 79' lang='lat' dir='ltr'>scil,</span> <span class='ocrx_word' id='word_1_283' title='bbox 1358 3916 1396 3975; x_wconf 91' lang='lat' dir='ltr'>ut</span> 
     </span>
     <span class='ocr_line' id='line_1_35' title="bbox 217 4019 1397 4107; baseline -0.003 -23"><span class='ocrx_word' id='word_1_284' title='bbox 217 4021 249 4085; x_wconf 89' lang='lat' dir='ltr'>in</span> <span class='ocrx_word' id='word_1_285' title='bbox 274 4019 382 4085; x_wconf 87' lang='lat' dir='ltr'>verbis</span> <span class='ocrx_word' id='word_1_286' title='bbox 409 4020 484 4107; x_wconf 81' lang='grc' dir='ltr'><strong><em>περὶ</em></strong></span> <span class='ocrx_word' id='word_1_287' title='bbox 507 4033 575 4087; x_wconf 87' lang='grc' dir='ltr'>τῶν</span> <span class='ocrx_word' id='word_1_288' title='bbox 599 4019 756 4104; x_wconf 77' lang='grc' dir='ltr'><em>ἀφανέων</em></span> <span class='ocrx_word' id='word_1_289' title='bbox 784 4021 858 4107; x_wconf 81' lang='grc' dir='ltr'>περὶ</span> <span class='ocrx_word' id='word_1_290' title='bbox 882 4031 949 4086; x_wconf 86' lang='grc' dir='ltr'>τῶν</span> <span class='ocrx_word' id='word_1_291' title='bbox 971 4028 1109 4105; x_wconf 84' lang='grc' dir='ltr'><em>θνητῶν</em></span> <span class='ocrx_word' id='word_1_292' title='bbox 1137 4021 1284 4087; x_wconf 91' lang='lat' dir='ltr'>omnium</span> <span class='ocrx_word' id='word_1_293' title='bbox 1313 4039 1397 4101; x_wconf 86' lang='lat' dir='ltr'>quae</span> 
     </span>
    </p>
   </div>
   <div class='ocr_carea' id='block_1_3' title="bbox 217 4191 1398 4612">
    <p class='ocr_par' dir='ltr' id='par_1_7' title="bbox 217 4191 1398 4536">
     <span class='ocr_line' id='line_1_36' title="bbox 306 4191 1397 4268; baseline -0.003 -17"><span class='ocrx_word' id='word_1_294' title='bbox 306 4201 333 4268; x_wconf 83' lang='lat'>1)</span> <span class='ocrx_word' id='word_1_295' title='bbox 352 4197 449 4266; x_wconf 83' lang='lat' dir='ltr'>Neque</span> <span class='ocrx_word' id='word_1_296' title='bbox 468 4198 542 4252; x_wconf 87' lang='lat' dir='ltr'>euim</span> <span class='ocrx_word' id='word_1_297' title='bbox 562 4196 703 4253; x_wconf 83' lang='lat' dir='ltr'>distinctis</span> <span class='ocrx_word' id='word_1_298' title='bbox 723 4199 840 4254; x_wconf 88' lang='lat' dir='ltr'>utuntur</span> <span class='ocrx_word' id='word_1_299' title='bbox 857 4197 960 4268; x_wconf 84' lang='lat' dir='ltr'>verbis,</span> <span class='ocrx_word' id='word_1_300' title='bbox 978 4202 1011 4254; x_wconf 91' lang='lat' dir='ltr'>ut</span> <span class='ocrx_word' id='word_1_301' title='bbox 1025 4197 1181 4252; x_wconf 73' lang='lat' dir='ltr'>Bructerus</span> <span class='ocrx_word' id='word_1_302' title='bbox 1200 4193 1277 4264; x_wconf 88' lang='lat' dir='ltr'>(bist</span> <span class='ocrx_word' id='word_1_303' title='bbox 1294 4191 1397 4262; x_wconf 87' lang='lat' dir='ltr'>philos.</span> 
     </span>
     <span class='ocr_line' id='line_1_37' title="bbox 217 4279 1396 4356; baseline -0.003 -16"><span class='ocrx_word' id='word_1_304' title='bbox 217 4285 278 4342; x_wconf 80' lang='lat' dir='ltr'>crit.</span> <span class='ocrx_word' id='word_1_305' title='bbox 295 4288 468 4356; x_wconf 82' lang='lat' dir='ltr'>psg.1181):</span> <span class='ocrx_word' id='word_1_306' title='bbox 491 4286 605 4341; x_wconf 85' lang='lat' dir='ltr'>‘malim</span> <span class='ocrx_word' id='word_1_307' title='bbox 624 4285 836 4355; x_wconf 81' lang='lat' dir='ltr'>immortalium,</span> <span class='ocrx_word' id='word_1_308' title='bbox 854 4285 913 4341; x_wconf 89' lang='lat' dir='ltr'>scil.</span> <span class='ocrx_word' id='word_1_309' title='bbox 928 4286 1077 4354; x_wconf 83' lang='lat' dir='ltr'>Deorum&#39;;</span> <span class='ocrx_word' id='word_1_310' title='bbox 1098 4283 1230 4340; x_wconf 84' lang='lat' dir='ltr'>similiter</span> <span class='ocrx_word' id='word_1_311' title='bbox 1244 4279 1396 4351; x_wconf 84' lang='lat' dir='ltr'>Stanleyus</span> 
     </span>
     <span class='ocr_line' id='line_1_38' title="bbox 218 4371 1398 4444; baseline -0.005 -12"><span class='ocrx_word' id='word_1_312' title='bbox 218 4375 305 4432; x_wconf 84' lang='lat' dir='ltr'>vertit</span> <span class='ocrx_word' id='word_1_313' title='bbox 333 4375 383 4430; x_wconf 81' lang='lat' dir='ltr'>‘de</span> <span class='ocrx_word' id='word_1_314' title='bbox 410 4373 598 4430; x_wconf 84' lang='lat' dir='ltr'>invisibilibus</span> <span class='ocrx_word' id='word_1_315' title='bbox 627 4376 657 4430; x_wconf 88' lang='lat' dir='ltr'>et</span> <span class='ocrx_word' id='word_1_316' title='bbox 683 4373 889 4432; x_wconf 88' lang='lat' dir='ltr'>immortalibus</span> <span class='ocrx_word' id='word_1_317' title='bbox 917 4374 1015 4430; x_wconf 85' lang='lat' dir='ltr'>rebus’</span> <span class='ocrx_word' id='word_1_318' title='bbox 1044 4371 1125 4444; x_wconf 83' lang='lat' dir='ltr'>(hist.</span> <span class='ocrx_word' id='word_1_319' title='bbox 1152 4371 1256 4444; x_wconf 86' lang='lat' dir='ltr'>philos.</span> <span class='ocrx_word' id='word_1_320' title='bbox 1285 4371 1398 4441; x_wconf 79' lang='lat' dir='ltr'>Lipsiae</span> 
     </span>
     <span class='ocr_line' id='line_1_39' title="bbox 218 4467 457 4536; baseline 0 -17"><span class='ocrx_word' id='word_1_321' title='bbox 218 4469 286 4522; x_wconf 74' lang='grc' dir='ltr'>ωτι</span> <span class='ocrx_word' id='word_1_322' title='bbox 306 4481 370 4536; x_wconf 75' lang='lat' dir='ltr'>pag.</span> <span class='ocrx_word' id='word_1_323' title='bbox 385 4467 457 4534; x_wconf 80' lang='lat' dir='ltr'>scs).</span> 
     </span>
    </p>

    <p class='ocr_par' dir='ltr' id='par_1_8' title="bbox 1147 4557 1183 4612">
     <span class='ocr_line' id='line_1_40' title="bbox 1147 4557 1183 4612; baseline 0 -18"><span class='ocrx_word' id='word_1_324' title='bbox 1147 4557 1183 4612; x_wconf 71' lang='lat'>3*</span> 
     </span>
    </p>
   </div>
   <div class='ocr_carea' id='block_1_4' title="bbox 0 0 1692 5132">
    <p class='ocr_par' dir='ltr' id='par_1_9' title="bbox 0 0 1692 5132">
     <span class='ocr_line' id='line_1_41' title="bbox 0 0 1692 5132; baseline 0 0"><span class='ocrx_word' id='word_1_325' title='bbox 0 0 1692 5132; x_wconf 95' lang='lat' dir='ltr'> </span> 
     </span>
    </p>
   </div>
  </div>
 </body>
</html>
