3358 5132
759 365 978 429 ...72-

284 528 412 614 antiqui
431 527 577 612 corporis
597 527 799 593 caliditatem
818 525 976 613 sanguine
995 526 1156 592 contineri
1180 549 1245 593 non
1263 527 1466 615 ignorarent,

285 640 342 702 eut
364 636 472 721 ipsum
492 635 684 722 sanguinem
708 638 766 702 aut
789 633 947 720 sanguine
972 634 1142 699 recedente
1166 635 1372 717 superficiem
1395 659 1465 702 cor-

283 743 373 830 poris
404 741 590 828 refrigerari
621 742 751 806 eredere
782 763 837 807 eos
867 762 999 806 necesse
1030 744 1110 805 erat.
1158 741 1304 818 Quarum
1336 743 1465 810 viarum

285 873 359 916 cum
377 849 468 914 illam
487 849 690 934 ingrediatur
708 847 923 933 Empedocles
944 844 1102 934 (Galenus
1121 847 1198 912 hist.
1213 847 1294 932 phil.
1309 851 1362 935 37,
1379 849 1462 917 Dox.

285 957 358 1041 646,
380 953 436 1043 14)
459 979 518 1021 neo
541 978 608 1022 non
631 959 745 1021 auctor
767 956 807 1020 de
830 955 963 1020 flatibus
988 955 1029 1041 (c.
1050 956 1092 1020 14
1111 985 1153 1008 =
1173 954 1222 1022 VI
1243 957 1321 1041 110,
1340 957 1382 1023 23
1402 956 1466 1048 Ia),

283 1063 439 1130 Alcmaeo
478 1067 516 1128 ut
548 1062 632 1128 hano
670 1066 825 1148 sequatur
861 1061 1061 1128 sectionibus
1099 1066 1282 1129 commotus
1316 1085 1386 1129 esse
1424 1070 1464 1131 ut

284 1171 455 1256 Tanneryo
480 1167 579 1258 (pour
601 1167 700 1235 l’hist.
719 1170 748 1234 d.
767 1170 789 1234 l.
809 1169 935 1235 science
958 1168 1034 1233 hell.
1058 1170 1137 1256 127)
1160 1170 1208 1235 ita
1230 1170 1312 1236 mihi
1335 1194 1464 1257 quoque

284 1277 426 1360 videtur,
458 1276 577 1363 quippe
610 1277 667 1361 qui
696 1275 939 1343 accuratissime
968 1277 1002 1341 in
1030 1297 1129 1342 venas
1158 1278 1198 1342 cd
1227 1299 1284 1343 cor
1312 1284 1466 1346 coeuntes

285 1383 478 1471 sanguinem
509 1383 671 1451 confluere
699 1385 839 1449 doceret.
886 1382 1025 1448 Videtur
1057 1383 1173 1469 igitur,
1206 1405 1279 1449 eum
1310 1387 1465 1453 cadavere

285 1496 376 1557 scoto
400 1491 537 1556 arterias
562 1490 774 1577 sanguinein
791 1512 891 1556 venas
910 1495 1009 1575 atque
1030 1512 1086 1557 cor
1109 1491 1310 1557 confluentes
1330 1494 1465 1560 orbatas

284 1598 477 1683 invenisset,
504 1599 570 1663 iam
594 1621 611 1663 e
636 1598 752 1662 mortis
776 1597 990 1662 similitudine
1015 1597 1121 1663 simile
1146 1598 1224 1682 quid
1246 1599 1282 1664 in
1306 1593 1468 1668 dormien-

284 1705 373 1771 tibus
398 1726 526 1790 quoque
550 1705 622 1771 fieri
646 1703 832 1771 coniecisse.

376 1811 589 1879 Crotoniatae
615 1812 813 1878 sententiam
837 1813 1046 1897 amplectitur
1065 1813 1352 1898 Ps.-Hippoorates
1371 1817 1468 1904 Epid.

287 1919 335 1984 Vl
355 1921 386 2003 4,
407 1919 447 1982 12
468 1917 514 2006 (V
533 1917 599 1982 310
614 1914 677 2004 L.):
701 1915 872 2002 ἐμφανέως
895 1915 1085 2004 ἐγρηγορὼς
1107 1923 1310 2007 θερμότερος
1332 1926 1371 1988 τὰ
1393 1925 1467 2011 ἔξω,

286 2028 326 2092 τὰ
350 2029 414 2092 έσω
439 2021 476 2090 δὲ
498 2027 720 2110 ψυχρότερος,
747 2025 925 2089 καθεύδων
953 2023 1126 2110 τάναντία,
1155 2049 1294 2111 quocum
1319 2032 1466 2100 conferas

287 2131 316 2218 5,
338 2130 379 2197 15
400 2132 445 2218 (V
461 2133 537 2215 320,
552 2133 572 2195 6
587 2127 637 2217 L.)
657 2133 694 2196 τὸ
714 2122 794 2214 αἷμα
819 2128 856 2195 έν
878 2130 973 2220 ύπνςο
997 2137 1075 2197 είσω
1098 2138 1227 2216 μᾶλλον
1250 2139 1377 2221 φεύγει.
1418 2140 1467 2208 Of.

288 2238 448 2303 Galenum
469 2239 509 2303 ad
527 2239 671 2322 priorem
691 2237 925 2322 epidemiorum
944 2238 1052 2303 locum
1073 2236 1185 2327 (XVII
1203 2240 1231 2305 B
1251 2244 1385 2330 298,10
1404 2247 1468 2333 K).

286 2345 377 2411 Adde
407 2346 551 2411 eiusdem
584 2342 637 2431 (de
671 2366 769 2411 causa
800 2345 954 2432 pulsuum
982 2343 1032 2408 ΠΙ
1058 2346 1078 2410 9
1103 2377 1144 2400 =
1167 2345 1216 2412 IX
1243 2351 1319 2435 133,
1346 2355 1387 2419 14
1410 2354 1466 2441 Κ.)

285 2453 379 2518 haec:
419 2449 722 2537 ....Ἱπποκρότνγς
743 2449 799 2516 καὶ
823 2451 896 2518 ὅσοι
922 2453 960 2516 τὸ
984 2453 1113 2537 θερμὸν
1141 2456 1205 2519 ἔσω
1230 2460 1406 2525 συννεύειν
1430 2461 1467 2527 έν
1500 2469 1503 2476 ’

289 2570 359 2637 τοῖς
376 2559 496 2637 ύκνοις
514 2561 610 2644 φασί·
633 2559 751 2644 σχεδὸν
772 2557 800 2623 δ’
824 2555 911 2623 είσλν
930 2557 1086 2623 ἁπάντων
1105 2561 1228 2646 ἰατρῶν
1245 2587 1280 2629 τε
1298 2563 1353 2631 καί
1372 2573 1468 2652 φιλο-

287 2670 402 2753 σόφων
435 2667 471 2731 οί
501 2666 728 2749 δοκιμώτατοι.
776 2664 861 2740 Quin
888 2663 1080 2730 Aristotelis
1117 2688 1246 2752 quoque
1280 2672 1318 2737 de
1351 2695 1466 2741 somno

286 2775 445 2860 placitum
469 2771 523 2859 (de
547 2775 631 2857 part.
651 2793 701 2835 an.
720 2769 753 2835 lI
775 2773 807 2855 7,
827 2771 892 2837 653
913 2794 931 2835 a
953 2773 1008 2857 103
1031 2772 1070 2836 de
1094 2794 1208 2839 somno
1232 2776 1284 2841 III
1305 2802 1381 2866 pag.
1400 2784 1466 2848 457

287 2881 464 2968 [imprimis
492 2880 514 2946 b
540 2877 640 2962 1-6]
670 2882 703 2943 et
729 2875 811 2966 458)
844 2879 885 2944 ab
917 2879 983 2954 hac
1008 2881 1171 2946 sententia
1202 2886 1335 2972 pendet,
1368 2910 1467 2972 quam

288 2993 489 3074 quantopere
513 2986 577 3051 sibi
601 2986 802 3070 persuaserit
828 2986 903 3051 inde
927 2986 1033 3051 elucet
1062 2989 1271 3072 quodetiam
1293 2994 1468 3062 veritatem

287 3120 307 3161 a
330 3094 552 3181 praeiudicata
575 3094 634 3158 illa
655 3094 806 3159 doctrina
829 3093 915 3159 vinci
938 3094 1065 3178 patitur
1088 3093 1179 3182 (hist.
1199 3120 1249 3162 an.
1267 3095 1316 3163 III
1336 3101 1386 3187 19,
1401 3103 1465 3169 521

288 3202 384 3287 alb)
406 3213 477 3280 τοῖς
500 3202 728 3267 καθεύδουσιν
757 3200 794 3265 ἐν
817 3212 887 3278 τοῖς
911 3200 1002 3278 ἐκτὸς
1024 3200 1160 3287 μέρεσιν
1183 3206 1319 3271 ἔλαττον
1342 3210 1471 3291 γίνεται

286 3312 324 3376 τὸ
349 3301 441 3393 αἷμα,
464 3309 547 3374 ὥστε
571 3304 626 3372 καὶ
649 3305 882 3392 κεντουμένων
905 3309 948 3391 μὴ
973 3308 1046 3394 ῥεῖν
1070 3310 1199 3393 ὁμοίως.

749 3513 881 3582 Fragm.
905 3513 998 3570 XXI.

376 3630 543 3695 Aristot.
567 3626 732 3712 Metaph.
761 3627 792 3692 A
816 3628 851 3712 5,
875 3629 940 3694 986
965 3651 984 3692 a
1007 3629 1063 3693 22:
1097 3628 1202 3716 έτεροι
1231 3630 1268 3698 δὲ
1294 3633 1468 3723 (οε11.τῶν

288 3733 551 3823 Πυθαγορείων)
574 3735 632 3812 τὰς
651 3735 753 3821 ἀρχὰς
772 3734 851 3800 δέκα
872 3733 1028 3818 λέγουσιν
1047 3732 1133 3802 εἶναι
1156 3739 1213 3815 τὰς
1235 3743 1317 3806 κατὰ
1336 3759 1469 3812 συστοι-

287 3849 364 3934 χίαν
393 3841 588 3927 λεγομένας,
617 3841 718 3928 πέρας
745 3840 800 3907 καλ
827 3844 982 3928 ἄπειρον,
1009 3845 1163 3930 περιττὸν
1190 3844 1246 3911 καὶ
1269 3847 1401 3934 ἄρτιον,
1429 3853 1468 3918 ἓν

287 3951 342 4019 καὶ
364 3956 509 4035 πλῆθος,
538 3949 648 4029 δεξιὸν
674 3946 729 4015 καλ
757 3949 948 4036 ἀριστερόν,
975 3952 1077 4037 όίρρεν
1103 3949 1157 4016 καλ
1185 3958 1291 4037 θῆλυ,
1319 3956 1467 4041 ἠρεμοῦν

287 4059 342 4127 καὶ
365 4059 580 4142 κινούμενον,
610 4057 694 4121 εὐθὺ
718 4054 773 4122 καὶ
795 4058 986 4143 καμπύλον,
1013 4068 1084 4144 φῶς
1106 4057 1162 4124 καὶ
1185 4063 1311 4146 σκότος,
1335 4061 1468 4147 ἀγαθὸν

287 4167 341 4234 καὶ
360 4169 475 4250 κακόν,
497 4165 705 4249 τετράγωνον
729 4163 783 4230 καὶ
803 4162 1004 4251 ἑτερόμηκες.
1041 4166 1142 4252 όνπερ
1160 4170 1285 4253 τρόπον
1304 4171 1391 4236 ἔοικε
1410 4173 1466 4239 καὶ

284 4275 469 4359 Ἀλκμαίων
493 4273 511 4340 ό
530 4273 764 4359 Κροτωνιάτης
787 4272 979 4357 ὑπολαβεῖν,
1002 4272 1058 4339 καὶ
1075 4276 1148 4358 ἤτοι
1167 4269 1265 4352 οὗτος
1282 4274 1360 4362 παρ’
1383 4277 1467 4346 έκεί-

287 4407 357 4448 νων
380 4381 401 4466 δ
426 4380 545 4447 ἐκείνοι
567 4381 656 4465 παρὰ
678 4381 799 4446 τούτου
823 4379 1012 4467 παρέλαβον
1040 4382 1099 4446 τὸν
1123 4384 1225 4465 λόγον
1247 4391 1380 4449 τοῦτον·
1409 4385 1466 4454 καὶ

288 4491 351 4576 γὰρ
371 4488 500 4573 ἐγένετο
519 4488 580 4577 τὴν
599 4487 730 4576 ἡλικίαν
746 4485 930 4572 Ἀλκμαίων
949 4485 1002 4553 ἐπὶ
1020 4486 1153 4576 γέροντι
1168 4492 1368 4580 Πυθαγόρᾳ,
1387 4492 1465 4561 ἀπε-
