3358 5132
687 328 906 394 -51..

298 486 377 553 Pori
401 487 451 552 illi
473 487 659 554 fistularum
681 489 716 554 in
734 489 876 572 speciem
899 487 1033 552 formati
1051 508 1122 554 esse
1141 489 1277 574 putandi
1297 491 1383 572 sunt,

211 594 365 679 quonism
385 618 443 680 per
462 616 518 661 eos
537 616 652 661 sonum
672 596 713 661 cd
732 595 899 662 cerebrum
918 595 1046 680 θιηχιϊν
1069 597 1166 680 utque
1191 597 1383 680 corpusculo

210 701 350 768 odoross
376 724 442 768 uns
470 723 544 768 cum
571 702 680 768 enims
707 723 765 788 per
788 700 1037 787 respirationem
1065 701 1188 767 sttrulri
1211 704 1290 768 vult.
1336 703 1383 769 Ut

210 807 244 872 hi
267 831 356 893 aera,
383 809 433 874 itc
459 809 629 875 oculorum
656 809 730 894 pori
757 830 875 892 equum
899 808 1064 874 continere
1092 808 1250 875 videntur.
1296 808 1384 875 Num

211 915 279 981 veri
303 916 469 981 simillime
493 915 655 981 Dielesius
679 913 805 1002 (Herm.
825 913 969 980 XXVIII
993 935 1066 1000 pag.
1085 915 1166 994 421,
1184 911 1221 1000 2)
1244 916 1384 982 coniecit

210 1021 442 1088 Alcmaeonem
469 1026 599 1088 secutos
622 1043 693 1103 esse
716 1021 1025 1107 Ps.·Hippocrutem
1052 1021 1091 1085 de
1114 1020 1175 1086 loc.
1198 1021 1233 1085 in
1255 1021 1343 1088 hom.
1363 1022 1383 1086 2

213 1127 275 1216 (VI
294 1129 359 1195 278
379 1126 430 1216 L.)
449 1134 482 1194 et
500 1130 540 1195 de
558 1130 659 1214 princ.
681 1130 721 1192 ll
741 1125 838 1215 (VIII
858 1129 924 1194 604
938 1125 990 1214 L.)
1008 1150 1067 1194 nec
1085 1150 1152 1193 non
1170 1127 1384 1194 Aristotelem

211 1235 239 1302 d.
259 1257 330 1321 gen.
350 1257 400 1302 un.
419 1236 452 1302 Π
472 1239 505 1314 6,
525 1238 591 1302 744
610 1259 629 1302 s
648 1236 678 1318 8,
701 1236 793 1300 cuius
816 1235 898 1300 addo
921 1235 1034 1300 verba:
1061 1233 1126 1301 ἀπὸ
1149 1243 1206 1317 τῆς
1228 1231 1303 1319 περὶ
1324 1236 1385 1300 τὸν

211 1340 393 1427 ἐγκέφαλον
425 1343 606 1428 ὑγρότητος
637 1342 850 1428 ἀποκρίνεται
885 1343 923 1408 τὸ
955 1342 1193 1428 κινθιιμάτιιτον
1225 1342 1281 1406 διὰ
1317 1352 1385 1408 τῶν

210 1452 334 1534 κόρων,
358 1453 393 1514 οἳ
409 1453 585 1533 φαίνονται
604 1448 762 1535 φέροντες
782 1446 837 1515 ἀπ’
860 1449 971 1514 αὐτῶν
994 1445 1040 1535 (h.
1054 1471 1080 1514 e.
1100 1449 1141 1513 ab
1161 1447 1278 1534 oculis)
1301 1450 1386 1532 πρὸς

209 1556 270 1638 τὴν
292 1560 437 1640 μήνιγγα
465 1558 526 1641 τὴν
553 1555 630 1641 περὶ
656 1557 716 1622 τὸν
740 1554 930 1641 ἐγκέφαλον.
978 1553 1039 1621 Oui
1061 1555 1227 1622 doctrinae
1252 1555 1384 1620 minime

211 1664 330 1742 obstat,
353 1663 440 1748 quod
459 1663 546 1730 oculi
565 1662 701 1749 globum
721 1663 897 1729 maximam
913 1667 1042 1748 partem
1063 1685 1130 1728 non
1148 1661 1273 1746 liquida
1291 1684 1384 1748 equs,

210 1771 264 1836 sed
287 1771 424 1836 humore
444 1771 586 1856 quodam
605 1774 757 1836 concreto
778 1768 978 1855 completum
996 1791 1066 1835 esse
1085 1769 1154 1834 sine
1174 1769 1273 1835 dubio
1296 1769 1385 1837 facto

210 1877 352 1944 sectione
378 1877 462 1942 vidit
491 1878 656 1944 Alcmaeo.
701 1876 789 1942 Nam
817 1898 936 1961 aquom
963 1876 1055 1942 illam
1081 1874 1262 1960 liquentem
1289 1881 1386 1942 antee

210 1985 340 2050 homine
369 1989 500 2050 mortuo
530 2006 736 2052 concrescere
765 1989 863 2068 utque
891 1982 1072 2069 coagulari,
1099 1983 1133 2047 id
1161 1983 1248 2067 quod
1271 1987 1385 2048 auctor

210 2091 248 2155 de
270 2092 372 2176 princ.
394 2092 415 2155 l.
439 2093 458 2157 l.
486 2090 576 2179 (pag.
601 2093 679 2174 606,
705 2091 745 2154 11
771 2088 822 2175 L.)
854 2090 962 2174 ponit,
996 2088 1153 2155 Alcmaeo
1185 2111 1223 2154 eo
1256 2089 1385 2154 facilins

209 2197 323 2264 docere
350 2199 472 2284 potuit,
504 2199 592 2284 quod
619 2197 684 2283 ipsi
711 2199 807 2263 oculo
835 2197 947 2283 ignem
979 2196 1085 2262 inesse
1113 2196 1252 2281 putabet
1278 2200 1385 2262 morte

209 2305 360 2370 videlicet
381 2306 601 2372 interiturum.

297 2410 438 2478 Cerebro
466 2418 557 2479 moto
590 2435 664 2478 cum
695 2413 768 2497 pori
796 2409 1038 2498 clauduntur¹),
1071 2433 1184 2477 sensus
1215 2411 1287 2476 fieri
1319 2433 1385 2476 non

208 2524 374 2602 possunt
400 2519 525 2586 Moveri
549 2524 659 2585 sutem
683 2519 852 2585 cerebrum
878 2519 947 2585 ictu
970 2519 1111 2584 maxime
1138 2516 1190 2582 vel
1212 2518 1307 2603 lapsu
1332 2518 1385 2582 vel

209 2625 273 2690 sliu
297 2627 436 2710 quadam
459 2627 605 2712 corporis
629 2625 841 2693 concussione
860 2625 1034 2691 credidisse
1056 2647 1130 2690 eum
1148 2623 1385 2690 arbitrabimur

209 2729 264 2818 (ct
288 2732 440 2800 Praenot.
464 2731 559 2800 Coeo.
582 2734 648 2800 489
674 2763 717 2788 --·
740 2733 896 2819 Hippocr.
915 2730 946 2796 V
965 2731 1085 2815 696,2
1108 2730 1159 2796 L.:
1184 2729 1315 2796 ὅσοισιν
1342 2730 1386 2797 ἂν

209 2839 227 2904 ὁ
256 2837 437 2924 ἐγκέφαλος
467 2847 587 2926 σεισθῇ
617 2840 638 2925 ἣ
669 2843 795 2927 συνέσῃ
822 2844 997 2922 κλημεϊσιν
1026 2837 1047 2922 ἢ
1075 2839 1197 2920 ἄλλως,
1229 2841 1385 2904 πίπτουσι

207 2955 415 3032 παραχρῆμα,
438 2949 568 3032 ἄφωνοι
592 2951 742 3032 γίνονται
764 2945 821 3014 καὶ
839 2947 915 3012 οὔτε
935 2947 1038 3029 ὁρῶσι
1056 2946 1133 3011 οὔτε
1153 2944 1312 3012 ἀκούουσι
1330 2943 1385 3012 καὶ

208 3053 247 3116 τὰ
265 3055 371 3119 πολλὰ
389 3050 603 3142 θνῄσκουσι),
623 3077 823 3140 quamquam
842 3075 923 3138 quse
943 3054 977 3118 in
995 3053 1081 3118 libro
1101 3052 1139 3117 de
1158 3053 1273 3118 morbo
1292 3075 1385 3118 sucro

208 3156 271 3245 (VI
291 3160 366 3245 388,
380 3162 400 3224 6
415 3159 467 3249 L.)
480 3163 634 3249 leguntur
653 3163 774 3228 ὁκόταν
788 3162 967 3245 ὑγρότερος
984 3168 1042 3243 τῆς
1056 3159 1177 3243 φύσιος
1191 3159 1240 3244 ἔῃ,
1258 3157 1384 3242 ἀνάγκη

207 3274 374 3332 κινεῖσθαι
396 3270 455 3334 τὸν
474 3268 669 3353 ἐγκέφαλον,
691 3266 891 3353 κινουμένου
915 3263 953 3332 δὲ
973 3271 1047 3348 [τοῦ
1064 3265 1205 3350 πάθεος]
1223 3268 1304 3349 μήτε
1322 3266 1384 3347 τὴν

208 3373 287 3450 ὄψιν
315 3373 498 3459 ἀτρεμιῖειν
525 3378 605 3459 μήτε
633 3376 695 3458 τὴν
722 3374 838 3458 ἀκοήν,
866 3371 937 3440 ἀλλ’
965 3373 1082 3439 ἄλλοτε
1109 3373 1191 3438 ἄλλο
1219 3372 1303 3456 ὁρᾶν
1329 3369 1384 3438 καὶ

208 3477 360 3545 ἀκούειν.
376 3532 383 3545 .
398 3533 406 3546 ,
421 3502 448 3545 .·
476 3482 598 3549 ὁκόσον
626 3480 656 3548 θ’
689 3481 733 3547 ἂν
760 3479 919 3568 άκμεμέσῃ
948 3481 967 3546 ὁ
994 3477 1192 3564 ἐγκέφαλος,
1222 3487 1384 3544 τοσοῦτον

208 3584 264 3652 καὶ
290 3599 413 3672 φρονεῖ
436 3589 455 3654 ὁ
478 3590 659 3674 ἄνθρωπος
686 3593 720 3654 et
747 3589 820 3674 ipsc
846 3588 987 3654 fortusse
1015 3588 1057 3652 sd
1079 3585 1288 3651 Alcmaeonis
1317 3584 1383 3670 plu·

208 3691 309 3758 citum
331 3693 562 3762 illustrandum
586 3696 737 3762 advocari
760 3699 908 3781 possunt.

296 3817 359 3883 Sed
374 3819 450 3902 quid
466 3823 544 3884 sunt
558 3821 678 3904 rcdooc?
712 3815 1176 3903 Sandcrus,Windelbsndius‚
1193 3817 1250 3882 clii
1264 3838 1381 3882 nervos

207 3945 288 4008 qnos
315 3948 376 3990 nos
403 3926 541 3991 dicimus
569 3927 769 4012 intelligunt.
815 3925 864 3990 Ac
892 3946 932 3989 ne
961 3946 1022 4011 ego
1055 3922 1186 4009 quidem
1214 3923 1382 3988 oculomm

206 4053 322 4098 nervos
351 4033 582 4100 Alcmaeonem
610 4034 730 4098 vidisse
759 4031 954 4099 contendero
981 4031 1152 4116 gravabor.
1200 4027 1263 4094 Sed
1290 4028 1382 4093 valde

207 4137 334 4224 dubito,
361 4161 441 4204 num
469 4142 569 4206 etism
591 4141 736 4224 narium,
764 4139 905 4223 aurium,
933 4137 1064 4226 linguae
1091 4157 1208 4202 nervos
1231 4135 1383 4221 cognitos

296 4370 323 4439 1)
341 4367 386 4422 Ad
404 4385 502 4424 vocem
522 4362 725 4443 ἐπιλαμβάνειν
753 4368 789 4426 cl.
812 4385 878 4438 μσς.
898 4370 999 4436 601,6
1023 4361 1202 4422 desummo
1224 4364 1274 4420 cul
1296 4385 1384 4422 κατοι-

205 4455 367 4534 λαμβάνειν.

1135 4543 1171 4600 4ο
