3358 5132
702 287 923 352 ..45-

228 471 335 535 γροις,
369 468 433 531 qno
465 447 596 512 nomine
628 452 757 532 praeter
784 448 884 514 ibices
914 452 948 512 et
976 469 1090 533 capras
1118 447 1267 512 efferatas
1300 447 1401 512 etiam

228 555 417 640 rupicaprae
445 555 573 639 antiqui
601 551 925 642 comprehendunt¹)‚
952 555 1052 621 verba
1078 554 1173 638 facit,
1200 576 1267 619 non
1294 554 1402 618 solnm

227 661 477 746 diligentissime
495 663 676 748 αἰγάγρους
692 666 727 729 et
745 657 841 746 αἶγας
857 662 945 728 inter
964 685 998 728 se
1017 661 1192 745 distinguit
1211 663 1253 748 (v.
1271 659 1402 748 stall),

229 768 406 833 sedetiam
430 769 559 834 aurium
582 770 779 835 mentionem
802 791 870 834 non
892 773 1012 834 movet.

317 892 406 958 Idem
421 898 536 958 contra
549 893 691 960 Schulzii
705 915 833 979 quoque
848 898 1026 959 sectatores
1040 893 1136 958 valet.
1169 892 1270 958 Vides
1289 916 1401 958 omnes

228 1001 267 1066 de
286 1000 392 1084 capris
411 1004 541 1065 tantum
559 1001 678 1066 dicere:
697 1022 817 1087 ergone
836 1002 871 1064 in
885 1001 991 1085 capris
1011 1004 1142 1065 tantum
1157 1001 1272 1065 tubam
1286 999 1403 1064 Eusta-

229 1107 380 1172 chiauam
403 1107 529 1192 antiqui
552 1108 726 1173 viderunt?
767 1105 880 1194 Longe
905 1107 1002 1173 aliter
1023 1106 1165 1172 Galenus
1190 1107 1332 1172 medicos
1356 1129 1403 1186 ea,

230 1235 312 1298 quae
334 1214 386 1279 vel
409 1235 474 1279 uno
496 1213 532 1279 in
551 1215 685 1280 animali
707 1237 766 1300 per
785 1215 963 1280 sectionem
982 1213 1175 1299 invenerint,
1196 1213 1231 1277 in
1250 1212 1402 1278 omnibus

228 1321 366 1386 inveniri
388 1320 568 1405 improvide
592 1321 782 1388 concludere
805 1320 954 1404 queritur
976 1316 1030 1406 (do
1053 1319 1131 1384 foet.
1150 1318 1244 1384 form.
1264 1318 1338 1383 I=
1352 1318 1402 1384 IV

230 1428 295 1492 653
309 1424 372 1513 K).
407 1425 581 1492 Praeterea
600 1426 857 1514 generalioribus
873 1426 983 1492 verbis
1002 1447 1081 1491 usus
1099 1427 1292 1492 Aristoteles
1315 1431 1402 1492 recte

230 1533 381 1598 omnibus
396 1532 592 1598 animalibus
606 1534 717 1599 tubam
732 1532 904 1598 Eustachii
922 1533 1028 1600 inesse
1046 1556 1113 1600 non
1126 1535 1250 1600 nescire
1264 1533 1402 1599 videtur.

229 1641 297 1705 Iam
330 1641 417 1725 quod
445 1641 620 1726 opprobrio
649 1642 678 1706 ei
707 1641 787 1706 dant
812 1641 921 1706 locum
953 1663 1050 1725 quem
1078 1663 1176 1727 snpra
1203 1639 1300 1706 attuli
1327 1640 1402 1705 hist.
1497 1685 1502 1694 ·

230 1748 326 1813 anim.
336 1748 402 1813 492
416 1770 436 1811 a
450 1748 501 1834 19,
515 1771 581 1814 non
595 1749 829 1813 intellexerunt
841 1748 877 1812 in
886 1747 1118 1814 Alcmaeonem
1132 1748 1180 1813 ibi
1191 1745 1403 1813 Aristotelem

228 1852 466 1942 impugnare²)‚
495 1877 560 1941 quo
588 1857 626 1921 de
655 1855 971 1940 quinqueremibus
999 1859 1075 1920 ante
1102 1854 1199 1919 huius
1226 1853 1404 1939 fragmenti

229 1961 336 2028 verbis
358 1961 486 2028 locutus
506 1966 585 2028 erat.
621 1961 794 2028 Neminem
818 1966 927 2028 autem
940 1963 1147 2027 exstiturum
1171 1981 1242 2026 esse
1266 1960 1403 2045 confido,

229 2069 281 2134 cui
304 2073 398 2134 tanta
416 2068 614 2135 Aristoteles
636 2091 704 2134 non
723 2068 830 2134 solum
850 2067 1061 2153 impudentia,
1085 2069 1140 2133 sed
1164 2068 1265 2132 etiam
1283 2066 1405 2150 impru-

230 2176 340 2241 dentia
352 2175 453 2241 fuisse
467 2177 625 2262 videatur,
643 2180 682 2240 ut
700 2180 816 2241 contra
830 2175 1061 2241 Alcmaeonem
1075 2175 1179 2260 ipsius
1194 2175 1404 2240 Alcmaeonis

228 2283 316 2348 dicta
338 2282 514 2350 adhiberet.

317 2407 564 2474 eoncedendum
595 2407 699 2492 igitur
730 2407 827 2471 huius
860 2406 1123 2472 narratiunculae
1153 2411 1192 2471 ut
1223 2406 1404 2470 multarum

229 2514 387 2580 eiusmodi
420 2537 551 2580 cansam
584 2516 788 2599 exploratum
824 2513 929 2577 adhuc
960 2534 1027 2578 non
1059 2535 1137 2578 esse.
1190 2512 1263 2577 Hoc
1294 2516 1404 2576 tamen

230 2621 310 2686 milri
333 2626 476 2706 constat,
504 2645 543 2687 ex
571 2622 673 2687 solius
701 2643 817 2706 caprae
845 2625 964 2684 natura
990 2620 1199 2704 repetendam
1228 2641 1403 2684 comesse.

229 2725 301 2803 Qua
322 2729 361 2793 de
384 2752 419 2793 re
445 2729 576 2793 videant
598 2729 771 2795 doctiores.

714 2933 912 3002 ΜΨ.

315 3067 504 3153 Theophr.
523 3068 544 3133 l.
563 3069 583 3133 l.
605 3065 700 3154 (Dox.
720 3066 795 3148 506,
815 3061 888 3152 25):
907 3065 1152 3162 ὀσφραίνεσθαι
1172 3060 1209 3129 δὲ
1228 3063 1321 3149 ῥισὶν
1339 3064 1406 3147 ἅμα

229 3183 274 3262 τῷ
297 3172 458 3240 ἀναπνεῖν
482 3173 648 3258 ἀνάγοντα
671 3177 709 3240 τὸ
731 3180 863 3256 πνεῦμα
884 3172 968 3256 πρὸς
990 3173 1050 3236 τὸν
1073 3168 1268 3255 ἐγκέφαλον.

318 3298 456 3363 Aetius
479 3297 528 3362 IV
549 3299 634 3381 17,1
655 3294 752 3383 (Dox.
771 3297 836 3362 407
852 3295 907 3359 ab
924 3292 972 3382 ll:
992 3291 1177 3379 Ἀλκμαίων
1199 3292 1236 3359 ἐν
1254 3303 1300 3383 τῷ
1319 3291 1408 3378 ἐγκε-

227 3403 322 3494 φάλῳ
349 3398 437 3469 εἶναι
463 3405 502 3470 τὸ
529 3404 742 3489 ἡνεμονικόν·
775 3403 882 3491 τούτῳ
913 3397 977 3468 οὖν
1004 3400 1251 3486 ὀσφραίνεσθαι
1279 3401 1408 3467 ἕλκοντι

232 3511 287 3576 διὰ
309 3521 377 3576 τῶν
399 3510 578 3577 ἀναπνοῶν
600 3513 657 3588 τὰς
679 3509 793 3594 ὀσμάς.
816 3545 859 3556 -

322 3635 465 3701 Zellerus
498 3658 579 3721 quae
608 3635 649 3700 ad
672 3634 865 3700 Aristotelis
898 3634 937 3699 de
966 3656 1062 3700 sensu
1089 3633 1123 3698 II
1149 3635 1205 3716 12,
1236 3633 1303 3699 445
1327 3655 1347 3698 a
1369 3633 1410 3697 16

233 3739 266 3828 (ὃ
294 3739 331 3807 δὲ
363 3739 502 3827 λέγουσί
529 3766 618 3820 τινες
648 3753 716 3808 τῶν
744 3745 1007 3826 Πυθαγορείων,
1038 3741 1101 3806 οὐκ
1133 3743 1224 3806 ἔστιν
1256 3741 1411 3823 εὔλογον·

231 3847 412 3934 τρέφεσθαι
445 3851 508 3935 γάρ
542 3866 647 3933 φασιν
679 3850 752 3914 ἔνια
785 3851 851 3935 ζῷα
882 3858 953 3925 ταῖς
985 3844 1115 3934 ὀσμαῖς)
1150 3848 1191 3912 ab
1226 3845 1411 3911 Alexandro

232 3955 481 4040 Aphrodisiensi
515 3960 716 4022 annotantur
749 3955 842 4042 (pag.
866 3955 931 4020 223
959 3954 1008 4019 ed.
1031 3952 1194 4042 Thurot)‚
1226 3958 1265 4018 ut
1292 3951 1412 4036 Pytha·

233 4083 349 4148 goreos
373 4062 422 4128 ita
440 4063 541 4128 etiam
561 4063 704 4129 medicos
728 4060 888 4148 quosdam
908 4059 1065 4126 nonnulla
1084 4059 1240 4124 animalia
1259 4058 1413 4125 odoribus

232 4224 297 4232 ---
318 4228 322 4232 .
344 4227 443 4234 ..-.-..

321 4331 348 4398 1)
366 4329 461 4384 Keller
474 4331 501 4384 d.
513 4329 592 4386 Tiora
605 4331 652 4386 dea
660 4331 742 4386 um.
754 4331 904 4386 aarum
917 4327 949 4382 in
962 4324 1142 4396 tultaroesct.
1161 4322 1322 4391 Batetcao
1335 4339 1362 4392 p.
1371 4325 1414 4376 38.

322 4421 350 4489 2)
369 4417 571 4490 Philippsonur
591 4423 692 4478 eontra
709 4418 859 4476 Platonem
873 4414 944 4472 haec
962 4413 1040 4470 dicta
1058 4429 1119 4468 esse
1138 4412 1280 4486 opinatur.
