3358 5132
715 325 911 388 -γ-

226 505 299 547 cnm
333 482 496 550 similibus
529 484 724 568 quibusdam
757 485 964 569 opinionibus
999 483 1178 570 propositis
1211 486 1398 550 dubitamus

226 595 297 656 uter
327 591 367 655 ab
395 595 470 655 utro
498 591 654 656 didicerit.
701 591 820 658 Nonne
848 595 1030 676 temporum
1057 590 1239 678 iudiciis?¹)
1284 593 1398 676 Itaque

226 697 349 781 aliquid
368 699 586 763 excusandum
605 702 676 763 crat
689 697 872 776 Aristoteli,
892 721 948 764 cur
967 698 1019 763 bis
1037 721 1103 764 non
1122 720 1200 763 usus
1220 699 1276 778 sit;
1294 720 1399 783 neque

227 803 335 868 officio
359 825 418 868 suo
440 803 496 869 ille
520 805 623 888 deest;
648 804 738 870 addit
757 807 856 870 enirn:
879 803 934 870 uui
957 805 1020 890 μίιρ
1040 803 1169 888 ἐγένετο
1188 805 1400 888 velocitatem

224 908 406 994 Ἀλκμαίων
425 909 477 975 ἐπὶ
497 909 629 996 γέροντι
648 914 848 998 Πυθαγόρᾳ,
867 913 970 976 itaut
989 934 1089 996 prope
1109 913 1259 995 aequales
1278 912 1401 976 fuerint

226 1022 324 1101 atque
352 1022 467 1083 neuter
493 1019 584 1102 prior
610 1023 727 1084 neuter
753 1019 917 1103 posterior
944 1019 1106 1103 putandus
1135 1019 1188 1082 sit.
1235 1019 1286 1083 Ad
1314 1019 1400 1084 vitae

225 1123 329 1209 igitur
358 1127 483 1189 aetates
517 1147 590 1190 cum
624 1124 733 1191 reduci
765 1130 905 1210 nequeat
938 1126 1101 1212 quaesti0‚
1131 1125 1295 1210 integram
1329 1148 1400 1190 eam

226 1231 406 1315 relinquere
440 1233 572 1296 mavult.
580 1229 606 1318 ²)
652 1231 768 1316 Itaque
800 1254 866 1296 non
898 1237 1020 1298 temere
1057 1233 1137 1298 haec
1172 1233 1283 1298 addita
1316 1237 1403 1318 sunt,

226 1337 326 1402 immo
354 1339 394 1402 ad
419 1339 615 1403 sententiam
644 1339 901 1423 perspiciendam
928 1341 1110 1404 necessaria
1138 1343 1172 1404 et
1199 1340 1340 1426 genuina
1364 1363 1403 1404 ea

225 1465 295 1508 esse
324 1445 564 1510 concedendum
592 1449 651 1511 est.
697 1444 784 1509 Nam
811 1444 956 1530 Gmppei
984 1445 1094 1530 opinio
1123 1443 1325 1533 (Frapmentc
1351 1448 1403 1512 des

227 1549 381 1632 Archytas
403 1572 478 1636 pag.
498 1548 555 1638 54)
584 1553 640 1635 qui
664 1551 765 1616 nimia
793 1553 827 1614 in
851 1574 888 1615 ea
912 1573 993 1635 quae
1017 1552 1140 1616 tradita
1163 1558 1241 1616 sunt
1268 1553 1403 1619 audacia

226 1679 263 1720 ac
296 1655 430 1722 libidine
467 1658 566 1723 scribi
602 1658 694 1723 iubet
727 1659 828 1743 ὅνπερ
860 1661 984 1743 τρόπον
1016 1656 1071 1723 καί
1101 1657 1283 1743 Ἀλκμαίων
1317 1661 1402 1726 ἔοικε

225 1762 419 1846 ὑπολαβεῖν·
443 1762 525 1847 φησὶ
545 1766 608 1849 γὰρ
627 1770 695 1830 κτλ,
718 1763 773 1853 (cf.
791 1787 866 1851 pag.
885 1766 906 1830 6
926 1769 1035 1830 annot.
1059 1763 1090 1853 l)
1110 1766 1228 1831 ceteris
1250 1767 1402 1832 omnibus

226 1870 356 1955 deletis,
383 1891 449 1935 non
478 1876 553 1956 eget
581 1872 793 1972 refutatione3
825 1894 928 1956 neque
957 1873 1044 1938 enim
1072 1874 1224 1958 cuiquam
1249 1874 1305 1938 ille
1333 1896 1402 1957 per-

225 1979 338 2044 suasit.

316 2084 492 2161 Quaeritur
516 2088 627 2150 tamen
649 2106 729 2149 num
751 2085 831 2150 fides
855 2085 1005 2150 habenda
1028 2087 1072 2152 sit
1095 2085 1278 2172 Aristoteli,
1305 2109 1402 2171 quem

224 2192 311 2256 haud
334 2213 399 2256 uno
423 2191 496 2257 loco
520 2191 554 2256 in
576 2192 673 2257 rebus
692 2192 860 2258 historicis
885 2215 1010 2258 errasse
1029 2193 1204 2259 videamus.
1243 2192 1306 2259 Sed
1325 2216 1402 2259 con-

225 2297 402 2363 sideremus
431 2301 562 2382 oportet
595 2298 637 2362 ad
664 2297 891 2384 philosophiae
920 2300 1030 2364 studia
1060 2301 1145 2366 hanc
1176 2301 1401 2385 quaestionem

226 2407 398 2490 pertinere,
422 2405 541 2490 quibus
565 2410 642 2470 ante
666 2427 779 2470 omnes
802 2406 859 2470 ille
883 2407 1009 2490 floruit;
1033 2411 1201 2491 praeterea
1223 2408 1262 2473 de
1281 2406 1402 2492 Pytha-

226 2513 334 2598 goreis
358 2512 458 2576 verba
479 2512 533 2576 bic
555 2512 642 2596 fieri,
669 2513 708 2577 de
737 2512 854 2597 quibus
885 2535 983 2595 quam
1006 2517 1099 2579 caute
1128 2515 1183 2579 ille
1210 2515 1403 2580 iudicaverit

224 2641 321 2685 nemo
353 2619 466 2684 nescit
511 2617 660 2704 Denique
693 2620 731 2684 de
762 2620 958 2687 Alcmaeone
992 2619 1124 2705 dicitur,
1157 2620 1210 2686 cui
1240 2621 1402 2704 imprimis

226 2747 359 2811 operam
382 2725 476 2790 illum
499 2747 636 2790 navasse
660 2725 755 2790 docet
777 2725 869 2810 liber,
896 2748 993 2810 quem
1015 2729 1098 2812 πρὸς
1120 2727 1160 2792 τὰ
1180 2725 1403 2812 Ἀλκμαίωνος

226 2832 410 2917 composuit
438 2832 592 2916 cuiusque
622 2836 730 2897 exstat
758 2830 915 2897 memoria
943 2833 1029 2917 apud
1052 2832 1161 2898 Laert.
1185 2834 1280 2919 Diog.
1300 2833 1332 2898 V
1351 2835 1402 2900 95.

227 2942 336 3026 Atque
354 2940 438 3005 hanc
451 2939 640 3004 Aristotelis
656 2939 880 3004 definitionem
896 2960 935 3004 ex
949 2939 1052 3024 ipsius
1065 2940 1274 3006 Alcmaeonis
1289 2939 1401 3006 libello

226 3051 391 3131 sumptam
406 3068 476 3111 esse
490 3046 768 3131 locupletissimus
784 3045 879 3110 testis
894 3046 963 3130 ipse
979 3046 1114 3112 offertur
1129 3046 1295 3126 Alcmaeo,
1311 3047 1402 3112 cuius

228 3153 328 3219 verba
351 3176 390 3216 ex
412 3152 509 3218 initio
533 3153 610 3219 libri
633 3155 827 3238 deprompta
850 3157 950 3238 atque
974 3152 1143 3219 aLaertio
1167 3159 1297 3219 servata
1313 3151 1405 3218 'Ad-x*

226 3263 333 3343 μαίων
357 3262 590 3344 Κροτωνιήτης
613 3260 691 3325 τάδε
716 3259 820 3343 ἔλεξε,
844 3264 1013 3346 Πειρίθου
1035 3261 1124 3343 vide,
1152 3263 1326 3349 Βροντίνςο
1348 3258 1404 3325 καί

226 3366 347 3432 Λέοντι
370 3364 424 3431 καί
446 3368 615 3456 Βαθύλλω
644 3366 789 3432 amicitia
817 3390 892 3432 eum
919 3366 1069 3433 iunctum
1096 3367 1198 3434 fnisse
1228 3369 1405 3434 ostendunt

226 3496 300 3539 cum
322 3471 532 3560 Brontin0³)‚
562 3495 659 3558 quem
688 3495 754 3538 non
782 3474 889 3539 solum
917 3474 1004 3539 inter
1026 3474 1152 3559 primos
1175 3475 1403 3561 Pythagoreos

315 3741 342 3808 1)
361 3738 531 3809 Temporum
554 3737 678 3794 rationes
702 3738 812 3806 saepius
840 3738 971 3794 velutin
995 3742 1160 3794 transcursu
1182 3738 1286 3809 pressis
1313 3738 1406 3795 verbis

228 3828 394 3882 Aristoteles
413 3825 537 3897 stringit,
557 3831 589 3882 ut
603 3826 670 3882 nec
686 3831 745 3894 Aa,
764 3831 818 3881 984
836 3845 853 3881 a
869 3834 915 3882 11:
932 3826 1125 3899 Ἐμπεδοκλῆς
1142 3827 1178 3883 τὰ
1196 3827 1315 3899 τέτταρα
1333 3829 1405 3899 (scil.

226 3923 349 3986 στοιχεῖα
373 3915 461 3987 ἀρχὰς
485 3914 849 3987 ἐτίθει)....Ἀναξαγόρας
871 3913 903 3971 dt
927 3916 942 3971 d
965 3914 1156 3988 Κλαζομένιος
1178 3925 1211 3990 τῇ
1235 3915 1286 3988 μὲν
1310 3917 1406 3992 ἡλικίᾳ

227 4004 361 4077 πρότερον
374 4003 413 4061 ὢν
427 4005 537 4075 τούτου,
555 4011 616 4068 τοῖς
634 4003 662 4060 δ’
680 4003 772 4076 ἔργοις
789 4003 904 4076 ὕστερος
918 4007 1052 4076 ἀπείρους
1066 4003 1146 4062 εἷναί
1157 4024 1227 4077 φησι
1244 4005 1295 4068 τὰς
1308 4004 1405 4076 ἀρχάς.

316 4101 344 4166 2)
364 4099 442 4160 Quae
457 4097 583 4150 extrema
596 4094 664 4166 dixi,
682 4093 740 4149 iam
755 4095 905 4150 Krischeus
920 4096 1131 4166 (Forsctunpcn
1146 4113 1197 4151 τιιι
1210 4097 1284 4151 alten
1301 4096 1405 4151 Ptoios.

229 4190 237 4242 l
255 4188 300 4257 68)
314 4185 414 4240 leviter
428 4185 569 4255 significat
582 4183 640 4239 his:
655 4184 835 4253 ,Ἀήιλοίιλια
848 4185 949 4241 schiebt
959 4187 1003 4242 die
1013 4185 1107 4242 Worte
1120 4200 1171 4240 sur
1181 4183 1406 4254 Rechtscrtiounp

226 4278 314 4331 reim
336 4274 695 4331 comedendarum.

318 4365 344 4430 8)
365 4364 408 4419 vel
422 4362 517 4434 potius
531 4361 649 4420 Brotino
668 4363 714 4432 (cf.
730 4363 884 4419 Usenerum
903 4365 939 4418 sd
955 4361 1067 4436 Syriaci
1081 4365 1230 4418 comment.
1245 4359 1276 4414 in
1290 4360 1406 4418 Aristot.

228 4452 353 4524 Metaph.
368 4457 420 4506 926
439 4469 457 4506 a
475 4455 511 4522 a).
550 4450 591 4506 cf.
612 4468 685 4522 quae
704 4451 739 4506 de
759 4467 792 4508 eo
811 4452 933 4508 contulit
950 4451 1034 4508 Unnc
1051 4450 1070 4508 l.
1084 4449 1103 4508 l.
1123 4467 1188 4522 pag.
1203 4453 1246 4506 4³.
