3358 5132
686 339 906 400 ..11-

255 495 285 560 6.
317 493 456 559 Ioannes
476 494 613 562 Malalos
634 496 805 582 chronogr.
821 496 853 560 II
869 496 923 582 34,
939 500 977 562 11
999 500 1047 564 ed.
1066 498 1185 564 Boon:
1205 497 1241 564 ἐν
1261 496 1298 565 δὲ
1316 512 1385 578 τοῖς

316 603 450 686 χρόνοις
472 602 602 680 τούτοις
625 601 755 686 ἐγένετο
781 605 892 668 Φάλεκ
914 605 987 680 υίὸς
1000 602 1138 693 Ἕβερλ)

257 728 284 792 λ.
318 725 427 791 Genus
443 727 657 811 Antiphontis
677 726 870 813 (Biographi
890 750 937 814 gr.
957 751 1031 815 pag.
1046 729 1155 814 235,2
1175 731 1223 795 ed.
1238 730 1379 795 Wester·

319 829 444 920 ποιητὴς
468 835 549 898 κατὰ
569 831 606 899 δὲ
624 835 663 898 τά
678 837 828 920 Περσικά
847 838 1025 920 γενόμενος
1044 840 1233 921 οννήκμασε
1250 840 1384 925 Γοργίᾳ.

256 961 283 1023 8.
316 956 511 1022 Eustathius
534 980 676 1042 prooem.
701 959 806 1024 Pind.:
830 963 1008 1044 γενόμενος
1032 960 1115 1046 (soil.
1134 961 1306 1049 Pindarus)
1331 960 1385 1026 ἐπὶ

317 1065 476 1149 ἄρχοντος
487 1063 652 1149 Ἀβίωνος.
686 1065 735 1132 Cf.
746 1067 1034 1132 Westermannum
1050 1067 1090 1132 ad
1100 1065 1211 1153 Biogr.
1226 1090 1299 1153 pag.
1312 1069 1385 1149 101,

317 1173 368 1236 54,
392 1209 435 1216 -

210 1298 316 1362 Aliter
339 1297 377 1361 de
400 1318 479 1361 voce
503 1293 633 1378 ἐγένετο
657 1296 764 1361 iudico
789 1297 823 1362 in
846 1297 949 1362 hisee:

258 1425 287 1487 1.
318 1420 476 1505 Iosephus
506 1425 619 1485 contra
643 1421 803 1504 Apionem
831 1422 847 1485 I
871 1425 912 1488 12
940 1420 986 1509 (p.
1005 1425 1034 1504 5,
1054 1426 1074 1489 3
1098 1424 1226 1508 Niese):
1245 1424 1388 1510 Ὅμηρος

318 1539 384 1593 τῶν
408 1531 566 1610 Τρωικῶν
584 1527 724 1613 ὕστερον
744 1532 897 1611 φαίνεται
916 1528 1135 1616 γενόμενοςά)

257 1657 286 1721 2.
319 1653 400 1718 Ibid.
415 1652 431 1717 Ι
448 1654 488 1717 13
504 1649 548 1738 (p.
564 1652 594 1736 5,
609 1653 628 1717 8
643 1651 700 1738 N.)
724 1654 804 1736 μετά
822 1662 942 1718 τοῦτον
961 1660 995 1719 εί
1009 1678 1097 1732 τινες
1119 1656 1215 1722 άλλοι
1234 1653 1386 1740 λέγονται

318 1758 475 1843 γενέσθαι
499 1756 583 1846 (scil.
607 1781 716 1823 rerum
740 1758 938 1847 scriptores).

256 1890 285 1952 3.
319 1885 460 1950 Galenus
488 1883 567 1948 XIV
587 1886 651 1950 683
671 1883 724 1949 K:
757 1886 837 1968 μετὰ
870 1889 1012 1951 Φιλῖνον
1047 1885 1176 1969 ἐγένετο
1210 1892 1386 1974 Σεραπίων

314 1989 555 2078 Ἀλεξανδρεύς.

256 2119 286 2183 4.
317 2116 421 2182 Prool.
440 2140 468 2181 v.
488 2115 584 2181 Hom.
609 2114 732 2204 (Biogr.
751 2140 783 2201 p.
803 2117 854 2198 26,
875 2115 945 2199 53):
973 2129 1043 2193 τοῖς
1067 2114 1103 2182 δὲ
1126 2121 1260 2203 χρόνοις
1283 2119 1385 2186 αὐτὸν

317 2225 353 2289 οί
382 2219 443 2308 μὲν
475 2221 550 2309 περὶ
579 2221 792 2309 Ἀρίσταρχόν
819 2240 901 2307 φασι
933 2221 1090 2305 γενέσθαι
1123 2227 1204 2289 κατὰ
1236 2227 1297 2310 τήν
1329 2237 1387 2310 τῆς

314 2328 440 2408 Ἰωνίας
458 2330 631 2396 ἀποικίαν.
647 2382 653 2394 .
669 2382 676 2394 .
691 2381 697 2393 .
711 2332 747 2396 οί
763 2326 800 2394 δὲ
818 2327 893 2412 περὶ
908 2330 1063 2415 Κράτητα
1081 2331 1266 2415 ἀνάγουσιν
1283 2333 1387 2399 αὐτὸν

317 2441 364 2515 είς
387 2441 465 2516 τοὺς
492 2440 660 2522 Τρωικοὺς
683 2441 833 2524 χρόνους.

256 2565 287 2630 5.
320 2563 403 2629 Plnt.
424 2586 453 2649 q.
468 2587 498 2629 v.
516 2564 574 2629 vit.
592 2562 689 2628 Hom.
710 2565 730 2628 5
750 2563 874 2649 (Biogr.
890 2563 943 2647 24,
958 2561 1030 2650 90);
1055 2562 1211 2645 γενέσθαι
1231 2563 1262 2628 δ’
1283 2565 1386 2630 αὐτόν

318 2688 399 2755 φασι
422 2682 492 2748 τοῖς
510 2674 644 2756 χρόνοις
666 2671 703 2736 οί
722 2665 782 2754 μὲν
806 2671 887 2734 κατὰ
910 2672 969 2736 τὸν
992 2673 1142 2756 Τρωικὸν
1165 2675 1323 2755 πόλεμον,
1346 2668 1387 2738 οὗ

318 2776 372 2842 καὶ
396 2778 563 2861 αὐτόπτην
586 2776 744 2860 γενέσθαι
767 2781 835 2841 κτλ.

257 2906 286 2970 6.
319 2901 511 2987 Anonymur
534 2925 564 2966 v.
583 2901 680 2966 Hom.
703 2899 830 2988 (Biogr.
850 2901 902 2985 29,
922 2899 971 2988 8):
995 2913 1065 2978 τοῖς
1090 2899 1127 2966 δὲ
1150 2905 1283 2986 χρόνοις
1305 2904 1387 2967 κατὰ

318 3007 379 3094 μέν
406 3034 498 3086 τινας
526 3011 590 3092 πρὸ
617 3019 675 3092 τῆς
702 3020 769 3074 τῶν
787 3005 1015 3092 Ἡρακλειδῶν
1043 3006 1173 3092 ἐγένετο
1197 3007 1386 3096 καθόδουλ)

258 3137 286 3198 λ.
319 3133 540 3200 Philostratus
564 3133 621 3199 vit.
641 3134 778 3218 sophist.
801 3155 876 3220 pag.
895 3136 961 3200 488
986 3131 1077 3219 (205,
1091 3134 1134 3198 25
1158 3133 1311 3217 Kayser):
1335 3157 1387 3216 γε-

319 3244 459 3326 νόμενος
483 3237 519 3306 δὲ
543 3238 628 3328 (soil.
652 3240 716 3306 Dio
740 3237 1011 3327 Ghrysostomus)
1039 3242 1121 3305 κατά
1146 3242 1224 3316 τοὺς
1245 3243 1388 3325 χρόνους

303 3488 330 3558 1)
348 3488 387 3544 cf.
409 3495 432 3541 1.
448 3489 518 3543 Mos.
534 3493 576 3556 10,
592 3493 641 3555 263
658 3495 698 3557 11,
716 3496 747 3544 16
760 3507 800 3559 rq.
829 3489 1005 3557 Quamquam
1020 3486 1140 3542 Malaios
1159 3486 1264 3542 talibus
1282 3487 1311 3542 in
1327 3504 1387 3542 ren-

211 3577 309 3634 tentiir
328 3595 437 3648 semper
461 3578 536 3646 quod
561 3577 648 3632 roiam
666 3579 757 3635 utitur
779 3577 894 3632 vocibus
912 3576 1020 3645 ἤκμασε
1039 3571 1075 3646 ήν
1094 3572 1269 3646 ἐγνωρίζετο,
1291 3577 1386 3631 tomen

211 3665 259 3721 hio
273 3660 384 3737 ἐγένετο
397 3683 448 3738 pro
464 3661 605 3736 ἐγεννήθη
620 3665 728 3721 dictum
743 3684 801 3722 erse
815 3667 983 3737 putaverim,
1003 3683 1065 3720 oum
1084 3683 1196 3735 annum,
1216 3682 1271 3734 quo
1291 3668 1388 3721 natum

212 3773 275 3812 erre
292 3757 397 3812 Phaleo
421 3755 622 3826 opinabantur,
645 3772 696 3825 pro
719 3772 787 3811 aero
808 3754 941 3810 habuisse
962 3755 1146 3824 chronologos
1169 3755 1301 3810 ostendat
1319 3755 1388 3824 Syn-

211 3846 300 3901 oellur
319 3846 401 3916 (198,
419 3852 449 3901 17
471 3846 582 3913 Bonn.)=
603 3846 641 3917 τῷ
659 3844 713 3916 γὰρ
734 3841 837 3921 ‘totoue‘
858 3842 914 3900 ἔτει
931 3852 981 3898 τοῦ
1000 3842 1105 3913 κόσμου
1116 3887 1122 3900 .
1134 3888 1140 3898 .
1152 3888 1157 3899 .
1170 3888 1175 3898 .
1190 3839 1331 3914 ἐγεννήθη
1350 3845 1388 3917 τῷ

205 3932 293 4006 Ἔβερ
312 3933 327 3988 δ
350 3933 441 3990 Φάλεκ
460 3933 509 3988 καλ
527 3933 597 4004 μετὰ
615 3931 737 4005 τέσσαρα
757 3932 803 4003 ἔτη
822 3940 872 4001 τής
890 3942 939 3989 τοῦ
961 3931 1052 3988 Φάλεκ
1070 3932 1226 4002 γεννήσεως
1236 3975 1313 3990 .....
1324 3950 1389 3988 σον-

212 4024 358 4094 εχόθηταν
378 4021 411 4078 αλ
427 4028 555 4095 γλῶσσαι.
592 4023 632 4078 cf.
652 4029 843 4094 png.149‚8;
865 4028 927 4092 161,
950 4029 973 4077 7.
1012 4021 1093 4077 fland
1113 4038 1192 4077 reone
1212 4023 1280 4095 [Leo
1299 4038 1389 4092 grom-

212 4113 345 4185 matiour]
375 4114 521 4182 chronogr.
550 4130 614 4183 pag.
640 4117 682 4180 14,
709 4119 725 4166 9
754 4113 795 4166 ed.
825 4109 928 4167 Boon:
961 4107 992 4166 ἐν
1020 4112 1093 4182 ἀρχῇ
1120 4119 1175 4165 τῶν
1203 4112 1313 4181 ἡμερῶν
1339 4119 1390 4165 τοῦ

213 4201 306 4258 Φάλεκ
324 4207 380 4258 κτλ.

302 4294 329 4362 2)
348 4291 388 4348 Cf.
404 4290 506 4348 Eureb.
520 4289 564 4347 Pr.
579 4291 628 4346 Er.
643 4291 668 4346 X
685 4300 725 4358 11,
741 4297 758 4346 4
775 4309 838 4362 pag.
855 4296 952 4348 492111
977 4288 1007 4346 ολ
1028 4287 1079 4361 μὲν
1102 4288 1166 4357 περὶ
1185 4286 1318 4360 Κράτητα
1336 4291 1392 4358 πρὸ

211 4390 261 4451 τής
281 4391 336 4437 τῶν
349 4379 542 4451 Ἡρακλειδῶν
566 4380 696 4436 καθόδου
720 4379 808 4451 φασίν
829 4380 917 4437 αότδν
942 4377 1109 4452 ήκμακέναι,
1131 4376 1201 4448 μετὰ
1224 4375 1259 4431 τὰ
1280 4377 1393 4446 Τρωικὰ

212 4467 349 4540 ἐνδοτέρω
368 4479 423 4526 τῶν
442 4467 617 4542 ὀγδοήκοντα
637 4465 714 4527 ἐτῶν.
