3358 5132
754 301 974 364 -64-

751 490 883 572 Ἑτοςιω.
907 503 979 559 X'V.

366 637 531 703 Aristot.
549 637 639 702 hist.
657 637 768 702 anim.
782 635 847 701 VH
863 638 880 700 1
898 661 928 722 p.
944 638 1006 702 581
1025 659 1045 700 a
1061 638 1114 701 13:
1133 637 1249 720 φέρειν
1268 633 1306 700 δὲ
1325 635 1453 722 σπέρμα

276 755 408 828 πρῶτον
431 746 565 830 ἄρχεται
593 747 630 809 τὸ
654 746 756 828 άρρεν
784 744 828 819 ὡς
855 741 908 808 ἐπὶ
936 745 973 808 τὸ
1001 746 1086 808 πολὺ
1114 741 1152 806 ἐν
1180 754 1249 818 τοῖς
1272 745 1357 808 ἔτεσι
1385 755 1454 820 τοῖς

278 849 329 927 θὶς
352 847 431 916 ἑκτά
453 850 709 935 τετελεσμένοις·
734 851 800 934 ἅμα
825 847 862 914 δὲ
885 848 938 914 καὶ
958 853 1111 935 τρόχωσις
1129 859 1185 933 τῆς
1203 850 1287 932 ἥβης
1310 851 1452 934 ἄρχεται,

277 958 429 1042 καθάπερ
454 955 571 1023 καὶτὰ
594 959 682 1042 φυτά
704 954 868 1042 μέλλοντα
892 955 1019 1041 σπέρμα
1042 955 1158 1042 φέρειν
1182 956 1301 1021 ἀνθεῖν
1322 966 1453 1037 πρῶτον

274 1061 458 1148 Ἀλκμαίων
481 1062 585 1149 φησὶν
609 1064 627 1129 ὁ
650 1064 892 1149 Κροτωνιάτης.
915 1102 958 1108 -

368 1171 558 1236 Aristotelis
581 1171 681 1235 verba
704 1193 777 1235 cum
801 1171 908 1234 minus
928 1169 1069 1235 dilucida
1092 1174 1190 1254 atque
1209 1170 1359 1254 expedita
1378 1169 1453 1253 sint,

280 1275 425 1364 Scaliger
453 1282 603 1344 annotat:
635 1275 775 1341 ‘Pubem
802 1277 918 1342 florere
946 1277 1026 1342 dicit
1054 1275 1219 1342 Alcmaeo.
1264 1275 1352 1340 Nam
1380 1276 1453 1360 quis

277 1407 344 1449 non
376 1385 464 1450 dicat
500 1385 629 1468 plantas
666 1383 821 1449 florere?'
866 1383 976 1468 Atque
1009 1381 1167 1449 eiusmodi
1203 1383 1453 1448 translationem

280 1490 401 1578 (άνθος
423 1515 483 1576 pro
506 1488 674 1577 τρίχωσις)
697 1515 715 1555 a
739 1490 937 1556 Graecorum
960 1514 1108 1557 sermone
1133 1491 1271 1557 alienam
1295 1512 1361 1554 non
1384 1511 1454 1554 esse

280 1601 375 1666 docet
393 1599 556 1665 Homerus
579 1597 637 1662 od.
656 1589 703 1662 Xl
722 1599 800 1663 319:
823 1601 903 1683 πρίν
926 1613 1035 1682 σφωϊν
1056 1597 1122 1664 ὑπὸ
1145 1596 1362 1683 κροτάφοισιν
1386 1597 1455 1661 ἰού-

280 1711 360 1783 λους
388 1703 405 1791 Ι
422 1705 568 1789 ἀνθῆσαι
596 1704 740 1769 πυκάσαι
767 1728 802 1770 τε
834 1702 933 1789 γένος
965 1703 1105 1770 εὐανθέι·
1137 1704 1249 1788 λάχνη.
1257 1701 1284 1790 1)
1329 1701 1455 1768 Vereor

280 1816 391 1877 tamen
413 1835 454 1876 ne
478 1812 537 1876 tali
560 1812 775 1876 translatione
799 1834 894 1877 usum
918 1835 988 1877 esse
1011 1812 1244 1877 Alcmaeonem
1268 1833 1308 1875 ex
1329 1808 1455 1875 Aristo-

280 1918 354 1984 telis
383 1918 491 1984 verbis
519 1941 585 1984 non
612 1920 753 2003 eluceat,
785 1920 886 1983 immo
918 1919 981 1984 hoc
1011 1922 1141 1983 tantum
1173 1918 1314 2003 propriis
1346 1916 1455 1982 verbis

280 2025 374 2090 illum
403 2025 565 2110 docuisse,
597 2029 634 2090 ut
662 2026 696 2090 in
724 2025 846 2110 plantis
874 2025 987 2090 florem
1019 2025 1123 2090 futuri
1154 2024 1280 2090 fructus
1313 2024 1455 2108 primum

279 2133 445 2211 indicium,
468 2133 516 2197 ita
534 2131 568 2196 in
586 2131 775 2196 hominibus
796 2153 904 2196 comas
927 2130 961 2196 in
980 2131 1138 2215 pudendis
1157 2135 1252 2196 natas
1271 2129 1455 2215 pubertatis

281 2241 412 2326 signum
435 2261 513 2304 csse.
556 2238 670 2321 ltaque
698 2260 764 2303 non
787 2239 1035 2303 translationem
1062 2239 1238 2324 quandam,
1265 2238 1321 2302 sed
1349 2240 1456 2302 totam

285 2347 481 2412 sententiam
502 2349 672 2430 totamque
690 2346 877 2429 plantarum
895 2345 1128 2430 hominumque
1148 2346 1424 2430 comparationem
1431 2341 1458 2429 ²)

280 2454 473 2519 Alcmaeoni
500 2452 690 2517 tribuendas
719 2474 790 2516 esse
819 2453 988 2517 contendo.
1034 2452 1128 2528 Quod
1151 2453 1275 2536 optime
1297 2451 1458 2536 probatur

280 2562 344 2641 alio
368 2561 552 2646 fragmento

370 2665 493 2731 Schol.
518 2666 562 2730 ad
585 2665 682 2730 Plat
706 2663 828 2730 Alcib.
852 2666 961 2750 prior
988 2688 1071 2752 pag.
1097 2666 1201 2733 lala*
1230 2665 1332 2752 (dial.
1358 2666 1457 2731 Plat.

281 2775 333 2839 ed.
352 2773 391 2836 K.
406 2773 460 2837 Fr.
478 2772 674 2836 Hermann
693 2771 739 2835 VI
757 2770 851 2857 281):
869 2776 942 2838 τότε
962 2774 1025 2859 γάρ
1044 2773 1126 2859 (scil.
1145 2773 1196 2838 bis
1216 2778 1342 2858 septem
1362 2773 1456 2838 annis

281 2879 437 2966 peractis)
463 2880 480 2945 ὁ
499 2878 622 2954 τέλειος
645 2877 683 2942 ἐν
700 2877 780 2962 ἥμιν
798 2878 1016 2964 ἀποφαίνεται
1041 2883 1149 2964 λόγος,
1173 2881 1217 2958 ὡς
1231 2875 1458 2966 Ἀριστοτέλης

282 2987 338 3053 καὶ
363 2990 483 3070 Ζήνων
505 2983 559 3050 καὶ
579 2981 763 3069 Ἀλκμαίων
787 2986 805 3051 ὁ
828 2990 1063 3072 Πυθαγόρειος
1085 3004 1197 3072 φασιν.
1218 3073 1220 3078 Ι

372 3094 461 3170 Quae
480 3093 534 3158 hic
548 3093 703 3179 legimtur
717 3115 811 3159 voces
832 3094 850 3159 ὁ
869 3092 992 3170 τέλειος
1010 3096 1108 3176 λόγος
1126 3094 1260 3179 faciunt,
1278 3099 1316 3159 ut
1335 3091 1457 3160 eisdem

282 3202 361 3268 viris
384 3200 557 3266 tribuenda
578 3223 648 3264 esse
672 3205 794 3286 putem,
818 3224 899 3285 quae
923 3201 1044 3265 ibidem
1066 3202 1176 3286 paullo
1199 3203 1409 3286 praecedunt:

372 3309 428 3373 διά
451 3310 488 3372 τὸ
511 3309 695 3389 τὸνλόγον
718 3310 790 3373 τότε
814 3305 896 3394 (scil.
921 3313 1047 3392 septem
1070 3309 1162 3374 annis
1180 3307 1337 3398 peractis)
1360 3310 1456 3394 άρχε-

283 3422 363 3480 σθαι
386 3419 604 3478 τελειοῦσθαι.

321 3602 327 3610 ·
372 3519 526 3606 Sequitur
554 3520 656 3606 igitur
684 3521 839 3587 Alcmaeo
868 3523 1160 3590 climactericorum
1193 3547 1351 3590 annorum
1384 3524 1457 3589 doo-

281 3629 402 3693 trinam
425 3627 666 3713 perantiquam,
690 3650 787 3712 quam
810 3634 887 3713 post
910 3629 1063 3695 Solonem
1086 3631 1161 3716 (frg.
1185 3629 1311 3695 XXVII
1334 3630 1457 3716 Bergk,

282 3735 373 3802 cuius
397 3734 469 3800 vide
492 3731 618 3820 notam)
644 3738 677 3798 et
695 3735 896 3821 Pythagorei
920 3735 1040 3822 (Zeller
1058 3735 1093 3802 Ι5
1111 3735 1192 3824 390)
1215 3743 1248 3803 et
1266 3735 1456 3802 Heraclitus

282 3843 359 3930 (frg.
379 3845 419 3908 87
444 3839 550 3928 Byw.)
579 3839 746 3926 Stoicique
775 3840 872 3929 (Dor.
890 3843 957 3909 434
977 3868 996 3910 a
1017 3842 1073 3932 19)
1102 3850 1135 3912 et
1163 3850 1277 3911 auctor
1304 3845 1343 3909 de
1368 3845 1456 3929 prin-

282 3988 495 3998 ,-------

372 4060 399 4127 1)
417 4055 456 4110 At
475 4070 543 4112 eave
561 4053 719 4109 immisceas
734 4053 809 4124 Iprt.
826 4061 868 4124 10,
884 4062 918 4110 28
933 4056 1025 4128 Bergk
1043 4055 1132 4113 νέοισι
1150 4053 1182 4112 δὲ
1200 4054 1286 4112 πάντ’
1303 4050 1454 4126 intorserat

282 4142 349 4217 ὄφρ’
370 4142 471 4217 ἐρατῆς
493 4141 564 4216 ἥβης
587 4142 692 4213 άγλαον
717 4143 809 4207 ἄνθος
835 4142 884 4216 ἔχη
912 4145 983 4215 sim,
1011 4146 1061 4200 ubi
1088 4144 1160 4221 ἥβης
1187 4146 1278 4209 ἄνθος
1301 4145 1457 4201 inventutis

282 4238 377 4291 florem
397 4234 525 4301 viresque
544 4233 669 4303 integras
688 4233 846 4302 significare
864 4237 951 4305 patet.

370 4328 398 4394 2)
424 4323 569 4378 Eiusmodi
593 4322 747 4378 bestiarum
774 4324 990 4393 plantarumque
1019 4327 1243 4395 comparationes
1270 4324 1457 4381 creberrimae

283 4415 357 4484 apud
376 4412 501 4470 medicos
520 4411 652 4482 antiquos
671 4415 707 4484 (v.
727 4411 879 4468 Dielesium
898 4415 991 4472 Herm.
1006 4414 1124 4472 XXVIII
1137 4418 1208 4486 425).
