3358 5132
714 329 911 390 ,9-

282 485 541 573 Hieronymus
611 489 614 561 l
639 487 778 553 Versio
802 488 985 553 Armenia
1030 486 1237 572 syncellus
1255 491 1401 573 p.402,6.

297 617 323 660 a.
341 594 420 660 Aba
443 598 528 662 1360
611 568 613 593 '
694 619 721 660 a.
739 595 818 661 Aer.
840 597 935 662 1360.

318 702 368 768 Ol.
387 700 505 767 XXXI.

225 807 382 874 Alcmeon
409 810 516 875 clarus
540 809 765 889 ba-,Delches
802 806 902 897 (sici)
942 809 996 893 qui
1027 806 1156 894 Λέσχης
1196 808 1338 894 Λέσβιος
1381 811 1400 875 ὁ

225 917 321 980 betur
331 915 513 982 etLesches
522 916 596 981 Les·
609 910 612 979 .’
625 939 758 1001 parvam
769 916 905 981 Iliadem
919 916 997 982 fecit
1010 908 1012 987 ff
1026 916 1087 998 τὴν
1111 916 1233 999 μικρὰν
1260 918 1401 1000 ποιήσας

224 1022 298 1086 bius
309 1025 364 1107 qui
374 1046 507 1108 parvam
519 1025 597 1090 lecit
609 1008 611 1087 l
624 1027 658 1089 et
677 1025 856 1089 Alcmaeon
876 1044 994 1108 cogno·
1022 1020 1145 1088 Ἰλιάδα
1154 1020 1209 1086 καὶ
1216 1020 1399 1106 Ἀλκμαίων

223 1127 367 1195 Iliadem.
609 1096 806 1196 lucabantus
1024 1131 1174 1212 ἤκμαζεν.

315 1271 415 1337 Vides
439 1279 584 1338 extrema
608 1273 723 1357 Cyrilli
747 1275 859 1356 verbu,
889 1273 1006 1356 quibus
1033 1277 1106 1337 tota
1131 1271 1254 1337 Sittelii
1277 1271 1400 1337 coniec-

224 1382 298 1442 tura
325 1379 444 1444 nititur
470 1377 560 1466 (nam
590 1386 698 1446 cetera
724 1381 759 1444 in
781 1379 972 1446 Alcmenam
994 1384 1128 1464 poetam
1156 1379 1211 1462 qui
1238 1378 1304 1442 illis
1331 1377 1398 1442 fere

225 1485 428 1569 temporibus
461 1487 574 1552 floruit
606 1487 729 1572 optimc
759 1483 949 1573 quadrant),
977 1475 1063 1571 apud
1090 1485 1271 1551 Eusebium
1302 1486 1399 1568 plane

225 1591 279 1655 hic
303 1595 389 1656 certe
409 1592 528 1657 deesse.
567 1594 656 1670 Quae
675 1593 758 1657 unde
778 1592 954 1676 sumpserit
974 1591 1115 1676 Cyrillus
1139 1597 1173 1657 et
1197 1592 1309 1675 quanti
1335 1591 1401 1655 sint

224 1697 427 1764 aestimanda
450 1699 530 1764 haec
554 1701 649 1765 docet
673 1698 872 1783 comparatio
897 1696 1031 1784 (Euseb.
1050 1719 1122 1784 pag.
1143 1699 1184 1762 91
1212 1695 1367 1784 Schbne):

277 1839 536 1927 Hieronymus
637 1841 773 1906 Versio
797 1842 979 1907 Armenia
1110 1839 1313 1925 Syncellus

292 1969 320 2010 a.
339 1947 417 2012 Abr.
439 1948 523 2012 1408
691 1971 719 2013 a.
739 1949 818 2014 Abr.
839 1950 923 2013 1409
1114 1971 1142 2031 p.
1162 1949 1236 2031 403,
1258 1948 1309 2011 14.

315 2052 363 2118 Ol.
383 2052 501 2119 XLIII.
716 2054 766 2120 Ol.
784 2054 902 2119 XLIII,

221 2158 359 2235 Alcman
395 2164 433 2225 ut
464 2162 595 2245 quibus·
1021 2160 1162 2246 Ἀλκμάν
1194 2162 1276 2226 καπιί
1305 2185 1397 2238 τινας

220 2266 295 2330 dam
329 2267 457 2332 videtur
493 2290 593 2354 agno-
1024 2268 1224 2355 ἑγνωρίζεπο.

219 2371 321 2436 scitur
334 2425 430 2438 .....
445 2375 593 2442 Pittacus
735 2377 844 2442 Pittac
868 2377 995 2442 Mitele-

220 2478 438 2563 Mytilenaeas
471 2483 526 2567 qui
555 2484 593 2547 de
621 2506 720 2548 uacus
735 2506 818 2548 unus
839 2487 994 2568 eseptem

220 2591 346 2670 septem
391 2589 592 2671 sapientibus
623 2589 825 2674 sapientibus
849 2595 908 2656 etc.

220 2693 284 2757 fuit
307 2691 398 2780 (sici)
421 2699 481 2760 etc.

220 2816 321 2883 Recte
346 2817 448 2904 igitur
466 2819 500 2884 in
519 2818 643 2904 Oyrillo
663 2822 804 2886 correxit
823 2821 993 2908 Menagius
1018 2821 1035 2887 ὁ
1054 2831 1121 2886 τῶν
1140 2819 1219 2886 ἑπτὰ
1239 2832 1362 2906 σοφῶν.
1372 2819 1396 2908 ¹)

310 2943 433 3008 Eodem
462 2945 559 3009 modo
587 2949 685 3029 poeta
714 2951 812 3030 atque
840 2947 1054 3031 philosophus
1084 2946 1326 3012 confunduntur
1354 2947 1394 3010 ab

223 3051 390 3134 Antigono
414 3051 565 3136 Carystio
594 3053 684 3137 (hist.
708 3056 822 3119 mirab.
848 3078 872 3120 c.
893 3055 950 3138 95)
979 3054 1015 3120 ἐν
1044 3051 1080 3118 δὲ
1108 3064 1152 3142 τῷ
1176 3055 1300 3138 σώματι
1328 3064 1395 3118 τῶν

220 3156 410 3242 ἀνθρώπων
442 3162 596 3241 γίνεσθαι
629 3152 702 3226 οἷον
735 3163 874 3238 ίόνθους
906 3162 1051 3246 μικρούς.
1102 3162 1240 3235 τούτους
1272 3156 1309 3224 δὲ
1336 3159 1395 3226 ἐάν

218 3287 267 3340 τις
289 3268 442 3350 κεντήσῃ,
467 3264 658 3351 ἐξέρχεσθαι
681 3274 834 3354 φθεῖρας,
857 3265 912 3333 καὶ
934 3267 991 3333 ἐάν
1010 3292 1059 3344 τις
1082 3266 1173 3352 ἐάσῃ,
1197 3269 1242 3344 εἰς
1265 3271 1393 3351 νόσημα

221 3379 320 3436 τοῦτο
348 3371 519 3455 ἐμπίπτειν
547 3373 658 3456 ὥσπερ
678 3370 874 3459 Ἀλκμαίωνι
902 3384 947 3463 τῷ
974 3384 1104 3463 φυσικῷ
1131 3373 1186 3440 καί
1213 3377 1394 3460 Φερεκύδει

217 3485 262 3564 τῷ
297 3481 429 3566 Συρίῳ,
466 3479 499 3542 id
535 3481 621 3564 quod
655 3483 694 3545 de
731 3483 888 3547 Alcmene
924 3487 1021 3566 poeta
1053 3487 1165 3547 narrat
1200 3481 1394 3547 Aristoteles

218 3582 377 3668 Antigoni
409 3589 523 3650 auctor
556 3587 647 3670 (hist.
673 3589 769 3652 anim.
790 3587 818 3652 V
840 3589 896 3672 31,
925 3590 1015 3653 ocra
1038 3587 1082 3676 2).
1128 3589 1276 3673 Denique
1308 3590 1392 3654 idem

219 3711 309 3754 error
342 3691 425 3774 apud
458 3691 621 3757 Isidorum
653 3691 882 3777 Hispalensem
915 3693 1033 3782 (origg.
1057 3696 1074 3760 Ι
1098 3698 1154 3780 39,
1176 3694 1210 3782 1)
1243 3697 1392 3763 recurrit:

217 3795 292 3861 ‘has
325 3794 408 3882 (scil.
432 3797 575 3885 fabulas)
607 3799 729 3885 primas
763 3801 925 3867 invenisse
959 3804 1100 3868 traditur
1128 3802 1267 3869 Alcmon
1302 3802 1392 3890 (sict)

219 3900 462 3968 Crotoniensis’.

308 4009 488 4076 Redeamus
513 4013 552 4077 ad
579 4012 768 4078 Aristotelis
791 4015 890 4080 verba
914 4014 1044 4099 ἐγένετο
1067 4018 1129 4101 τὴν
1151 4017 1282 4100 ἡλικίαν
1302 4013 1392 4082 Ἀλκ-

216 4119 324 4200 μαίων
352 4115 405 4181 ἐπὶ
433 4117 564 4204 γέροντι
588 4123 786 4208 Πυθαγόρα.
833 4121 958 4199 Quibus
987 4123 1106 4188 iterum
1134 4125 1230 4188 nobis
1258 4127 1394 4208 paratur

308 4383 333 4450 1)
353 4381 481 4440 Ceterum
495 4359 675 4442 Alcmaeonis
689 4385 797 4456 physici
813 4386 954 4457 sapientia
972 4403 1112 4456 nunquam
1128 4405 1178 4457 por
1192 4389 1288 4444 orbem
1304 4387 1392 4444 terra·

216 4488 277 4526 rum
296 4469 427 4526 innotuit
